2566 4762
531 191 746 253 ..ss-

104 383 309 447 coniunctus.
359 380 473 443 Actire
496 379 639 464 positum
674 385 725 443 est
760 381 954 445 adiectivum
977 380 1038 445 hoc
1062 381 1172 445 Front.

103 488 146 554 de
187 510 231 551 or.
270 490 285 550 l.
321 487 485 550 confusam
521 486 591 548 cain
626 507 686 569 ego
723 487 939 571 eloquentiam
974 526 1017 535 -
1052 488 1172 572 partim

102 595 208 680 igneis
232 593 368 657 nuribus
392 591 534 673 Catonis,
548 594 664 677 partim
682 590 826 657 Senecae
849 594 998 656 mollibus
1021 599 1054 656 et
1076 593 1173 657 febri-

101 702 223 766 culosis
246 700 413 786 prunuleis
437 700 577 782 insitam,
601 698 851 762 subvertendam
876 720 988 763 censeo
1005 699 1171 762 radicitus.

102 807 215 893 Atque
250 809 332 871 haec
367 804 559 888 significatio
595 806 701 868 nescio
738 826 778 867 au
803 803 923 868 Catulli
947 826 1075 890 quoque
1098 807 1172 869 loco

102 918 179 1000 apta
210 913 261 996 sit,
285 916 322 973 ut
344 912 555 993 intellegatur
580 917 729 994 scortum,
754 913 836 995 quod
862 913 928 976 sire
954 912 1173 997 corporis'de·

101 1019 266 1083 formitate
300 1018 376 1082 sire,
404 1038 526 1081 morum
562 1021 743 1083 rusticitate
767 1021 815 1104 (et
837 1020 897 1083 hoc
919 1021 1023 1083 notari
1046 1019 1172 1082 videtur

101 1124 145 1190 V.
170 1124 208 1208 2)
231 1124 353 1187 febrem
377 1124 481 1209 possit
504 1125 656 1190 incutere.

210 1248 443 1333 frigidulus
471 1250 531 1330 64,
564 1251 621 1312 131
649 1252 819 1335 frigidulos
842 1251 904 1315 udo
930 1251 1093 1333 singultus
1118 1271 1171 1313 ore

104 1356 255 1438 cientem,
290 1377 354 1440 quo
385 1355 497 1418 eodem
534 1357 693 1421 adiectivo
728 1380 803 1422 usus
838 1365 887 1422 est
922 1357 1037 1421 Catulli
1068 1358 1171 1438 simia,

102 1463 243 1546 scriptor
274 1459 360 1525 Ciris
394 1462 457 1526 25l
493 1461 677 1545 frigidulam
714 1465 836 1527 iniecta
871 1463 1049 1526 circumdat
1082 1471 1172 1528 reste

101 1568 244 1653 puellam
279 1568 323 1630 ib.
353 1569 417 1631 348
453 1589 550 1651 super
577 1570 741 1634 morientis
765 1571 914 1633 alumnae
938 1607 981 1616 -
1006 1568 1171 1652 frigidulos

103 1672 214 1739 cubito
239 1675 377 1738 subnixa
400 1675 556 1760 pependit
579 1676 707 1738 ocellos.

212 1798 418 1864 Enumrrabc
449 1801 514 1862 iam
550 1803 769 1885 composita,¹)
794 1802 826 1865 iu
856 1801 970 1884 quibus
994 1799 1171 1863 formandis

104 1909 165 1967 aut
198 1904 399 1969 substantiva
434 1913 467 1968 et
502 1908 662 1971 adiectiva
698 1910 780 1972 inter·
815 1927 849 1970 se
884 1912 940 1971 aut
971 1926 1044 1968 oum
1065 1906 1172 1970 verbis

104 2017 340 2095 componuntur
378 2020 434 2076 aut
471 2014 571 2077 verba
610 2036 680 2078 cum
715 2015 896 2100 particulis.
944 2013 1025 2076 Sunt
1059 2019 1171 2077 autern

102 2117 205 2181 baec:

213 2225 375 2289 buxifer
398 2229 428 2306 4,
455 2227 649 2291 13Amastri
673 2230 809 2293 Pontica
832 2233 865 2290 ct
881 2227 999 2312 Cytore
1023 2225 1168 2290 buxifer’.

104 2330 256 2416 Cytorum
283 2331 526 2415 Paphlagoniae
561 2328 702 2397 montem
737 2334 821 2397 buxo
857 2334 1036 2397 abundasse
1068 2337 1170 2395 testes

104 2443 184 2500 sunt
206 2436 306 2522 Verg.
333 2437 449 2522 Georg.
476 2440 506 2520 2,
531 2441 592 2502 437
620 2447 653 2503 ct
677 2441 767 2504 iuvat
791 2442 964 2504 undantem
988 2440 1073 2502 buxo
1102 2459 1171 2523 spe·

103 2549 192 2607 ctare
216 2541 388 2628 Cytorum3
423 2543 495 2608 Vib.
522 2543 614 2629 Sequ.
643 2545 684 2609 de
719 2552 817 2610 mont.
842 2570 871 2632 p.
907 2546 948 2610 ‘28
985 2544 1033 2609 ed.
1059 2543 1171 2608 Oberl.

104 2647 243 2734 Cytorus
278 2650 311 2713 in
346 2651 453 2715 Ponto
487 2651 734 2736 Paphlagoniae
768 2653 853 2716 buxo
878 2657 1004 2737 potens,
1027 2651 1082 2714 ubi
1106 2649 1171 2714 rid.

104 2777 160 2841 ap.
185 2755 378 2820 Oberlinum
401 2777 485 2840 quae
508 2758 612 2821 multa
636 2759 797 2842 collegere
821 2760 920 2842 intpp.

213 2879 383 2962 coniger
407 2880 459 2962 64,
479 2879 540 2944 106
557 2883 740 2964 conigeram
756 2881 882 2944 sudanti
901 2881 1021 2944 cortice
1037 2881 1168 2965 pinum'.

104 2985 276 3068 corniger
308 2984 350 3050 V.
375 2986 508 3050 conifer
543 2987 624 3051 dixit
658 2988 756 3072 Verg.
787 2988 867 3051 Aen.
897 2990 930 3069 3,
965 2987 1030 3051 680
1064 2986 1172 3050 aeriae

103 3111 244 3175 quercus
280 3097 336 3154 aut
372 3093 531 3157 coniferae
567 3094 743 3180 cyparissi,
774 3094 873 3178 idque
897 3092 1014 3156 Catulli
1047 3111 1172 3176 quoque

101 3196 176 3260 loco
200 3197 368 3262 restituere
391 3199 495 3262 voluit
518 3200 587 3264 ileo
610 3201 644 3263 in
667 3201 767 3284 praef.
792 3199 839 3263 ad.
864 3199 942 3263 Hor.

212 3320 330 3384 ederi
338 3343 407 3405 ger
443 3325 501 3406 63,
525 3326 567 3387 23
591 3325 647 3388 ubi
671 3325 776 3409 capita
799 3323 972 3388 Maenades
994 3324 1026 3388 ri
1049 3324 1172 3387 iaciunt

102 3424 300 3510 ederigerae'
339 3428 377 3491 ei
416 3429 609 3513 derigere
647 3431 686 3495 V.
711 3430 835 3495 Eodem
870 3432 922 3493 rel
957 3431 1053 3494 simili
1077 3451 1171 3494 sensu

103 3531 279 3617 ,ederatus’
315 3533 425 3598 dixere
460 3534 548 3619 Calp.
577 3537 627 3620 10,
650 3539 692 3600 28
716 3537 834 3621 (frons)
857 3538 951 3602 Paul.
975 3537 1044 3600 Nol.
1071 3557 1169 3600 carm.

29 3693 34 3703 .
102 3636 159 3719 26,
183 3637 248 3703 278
271 3641 441 3724 (pompae)
467 3626 551 3705 Tert.
576 3663 635 3706 cor.
662 3645 726 3706 mil.
754 3645 770 3705 7
796 3643 994 3728 (Liberum).

213 3764 376 3847 erifuga
401 3764 452 3846 63,
478 3769 515 3830 51
543 3789 603 3851 ego
627 3788 722 3851 quam
746 3767 808 3849 (sc.
825 3767 981 3853 patriam)
1006 3768 1105 3831 miser
1120 3789 1169 3832 rc·

102 3867 263 3953 linquens,
289 3869 432 3935 dominos
454 3878 491 3936 ut
514 3873 659 3958 erifugae
682 3914 725 3923 -
748 3874 861 3938 famuli
885 3875 1010 3938 solent’.

106 4048 320 4060 --—-......-.

216 4152 239 4223 ¹)
257 4151 285 4206 C.
304 4153 500 4208 Lehmanni
527 4157 744 4210 dissertationem
775 4157 815 4226 ,de
844 4157 988 4209 adiectivis
1014 4155 1168 4220 compositis

19 4279 30 4303 2·
103 4239 179 4309 apud
197 4239 342 4308 Catullum,
362 4241 508 4310 Tibullum,
525 4245 704 4312 Propertium,
715 4247 875 4316 Vergilium,
887 4246 1017 4311 Ovidium,
1027 4243 1166 4297 Horatium

18 4320 23 4386 t
104 4330 302 4386 acuentibus.
328 4331 433 4402 nugam.
452 4332 496 4386 rr.
512 4332 587 4386 racr
607 4347 661 4384 non
678 4333 743 4387 aas
