2566 4762
519 210 738 271 ..33..

92 403 178 469 curi'.
224 404 276 467 Ita
299 424 357 486 pro
381 403 535 468 librorum
566 404 721 490 scriptura
752 409 955 490 superato
976 404 1160 470 restitutum

93 517 141 576 est
175 531 192 575 e
215 509 305 576 Festi
327 511 400 573 loco
425 512 488 575 305
512 510 564 595 (b)
592 512 631 575 15
655 515 849 596 suppernata
871 508 1020 574 dicuntur
1043 510 1160 595 quibus

92 617 214 681 femina
237 622 311 680 sunt
335 617 459 680 succisa
482 617 515 679 in
539 617 669 680 modum
693 617 857 681 suillarum
879 637 1062 701 pernarum.
1097 616 1162 681 En·

91 725 164 788 nius
192 724 226 787 in
250 722 419 786 annalibus
437 722 536 808 (279)
559 724 594 807 ,is
618 744 734 809 pernas
757 722 893 787 succidit
916 723 1029 807 iniqua
1051 743 1161 808 super-

91 831 147 896 bia
173 831 284 897 Poeni’
307 836 339 894 et
362 829 505 894 Catullus
529 831 570 894 ad
595 830 776 895 Coloniam:
808 831 841 894 in
870 830 958 894 fossa
979 831 1094 915 Liguri
1116 832 1162 895 ia-

92 944 143 1002 cet
180 944 376 1023 suppernata
410 938 525 1001 securi²
569 957 632 1022 quo
665 939 736 1001 loco
759 937 799 1001 A.
815 938 997 1002 Politianus
1024 937 1161 1002 miscell.

92 1066 118 1108 c.
155 1047 196 1112 73
220 1045 325 1130 (Grut.
357 1046 454 1130 lamp.
488 1048 515 1128 1,
539 1045 597 1130 86)
628 1046 748 1130 primus
779 1045 820 1108 ad
848 1066 959 1108 versus
983 1044 1163 1110 Catulliani

92 1151 351 1215 emendationem
386 1171 462 1214 usus
493 1157 550 1233 est,
582 1152 629 1214 ita
652 1158 759 1215 tamen
783 1158 819 1216 ut
842 1151 996 1216 scriberet
1026 1170 1163 1236 exper-

92 1265 196 1323 nata.
242 1256 328 1322 Vide
351 1259 448 1322 etiam
471 1258 630 1343 scaligeri
653 1265 771 1324 notam.

180 1403 397 1487 tepefacto
421 1403 473 1485 68,
490 1405 530 1466 29
554 1402 668 1487 frigida
684 1403 809 1467 deserto
825 1402 995 1488 tepefactet
1015 1403 1165 1468 membra

92 1509 207 1575 cubili‘.
253 1509 304 1572 Ita
326 1508 510 1572 emendavit
533 1507 692 1592 Bergkius
717 1529 757 1572 ex
781 1508 972 1574 deteriorum
1006 1509 1164 1573 librorum

91 1618 248 1702 scriptura
273 1616 488 1702 tepefactet.
534 1616 566 1681 V
588 1617 749 1701 tepefacit,
780 1616 862 1680 unde
884 1617 1015 1681 Lachm.
1039 1617 1165 1702 tepefa-

91 1726 166 1789 xit.
211 1724 281 1807 Ego
305 1745 378 1787 cum
400 1723 542 1808 Hauptio
567 1725 601 1787 in
628 1723 678 1787 ed.
703 1723 734 1788 2.
759 1729 791 1788 et
812 1723 851 1787 L.
875 1723 1030 1788 Muellero
1051 1727 1165 1812 recepi

91 1832 173 1896 illud
208 1831 383 1916 tepefactet
411 1830 494 1915 quod
524 1830 655 1896 verbum
686 1852 740 1894 cur
775 1832 940 1895 exclusum
975 1832 1016 1896 sit
1047 1851 1066 1894 a
1097 1831 1165 1898 Ge·

92 1939 209 2024 orgcsii
239 1939 344 2002 lexico
379 1938 456 2022 (vid.
493 1940 589 2002 etiam
623 1940 662 2004 L.
695 1937 805 2002 Muell.
829 1935 924 2001 indic.
955 1959 1000 2020 gr.
1033 1959 1064 2025 p.
1097 1941 1164 2005 132

93 2068 119 2111 s.
151 2068 181 2110 r.
214 2046 387 2132 tepefacio)
421 2048 529 2111 nullus
557 2047 662 2110 video.
709 2046 769 2111 Est
801 2046 888 2110 enim
921 2044 1034 2111 eodem
1061 2046 1165 2112 modo

90 2153 265 2219 formatum
300 2174 364 2238 quo
399 2155 457 2218 illa
492 2155 666 2238 calefacto,
701 2154 884 2238 frigefacto,
917 2153 1084 2238 labefacto,
1120 2152 1184 2220 de>

92 2262 207 2347 quibus
230 2262 318 2325 nulla
341 2283 482 2347 unquam
508 2261 618 2326 extitit
641 2261 809 2326 dubitatio.

180 2410 297 2470 truso
337 2406 389 2488 56,
422 2408 440 2469 6
472 2405 625 2491 deprendi
654 2405 748 2471 modo
784 2405 939 2491 pupulum
965 2404 1093 2490 puellae
1116 2446 1165 2457 -—

90 2510 289 2577 trusantem.’
336 2510 424 2574 Bene
457 2511 513 2574 sed
544 2512 748 2596 impudenter
777 2511 1003 2595 interpretatus
1027 2517 1075 2576 est
1097 2513 1166 2579 hoc

90 2620 224 2684 verbum
238 2617 383 2682 Muretus
407 2618 495 2681 cuius
518 2617 591 2681 vide
615 2619 657 2682 sis
674 2639 787 2682 comm.
812 2617 990 2682 Honestius
1005 2618 1167 2706 Doering,

90 2727 144 2810 qui
166 2725 248 2789 illud
272 2725 393 2789 dictum
416 2744 486 2788 esse
510 2724 555 2789 ait
579 2724 618 2788 de
642 2724 681 2788 iis
698 2725 754 2810 qui
769 2725 861 2789 irrito
877 2730 993 2789 conatu
1008 2730 1163 2812 stuprum

88 2833 217 2918 puellae
240 2832 360 2896 inferre
384 2832 569 2896 allaborant.

179 2949 354 3012 vesania
379 2950 431 3030 25,
459 2951 498 3012 13
522 2948 678 3034 deprensa
700 2949 793 3014 navis
816 2950 850 3013 in
873 2949 955 3013 mari
969 2948 1165 3017 vesaniente

89 3056 204 3121 vento’.
229 3056 352 3120 Lexica
368 3053 494 3140 quidem
512 3061 663 3141 tanquam
682 3054 875 3120 adiectivum
898 3055 1054 3120 exhibent
1076 3057 1163 3124 illud

88 3165 273 3247 vesaniens3
308 3163 365 3226 sed
389 3183 462 3227 cum
483 3163 618 3228 verbum
647 3163 837 3228 vesaniendi
860 3168 949 3228 extet
973 3163 1058 3249 apud
1082 3163 1163 3231 Cas-

89 3271 251 3336 siodorum
284 3271 316 3334 h.
341 3270 418 3352 eccl.
449 3272 478 3353 9,
504 3270 547 3334 30
579 3269 706 3335 dicebat
736 3275 848 3335 contra
874 3271 979 3334 Deum
1010 3273 1162 3340 vesanire

41 3427 44 3432 .
89 3376 314 3458 Theodosium,
338 3382 370 3440 et
394 3383 443 3440 sat
465 3379 567 3441 multa
592 3378 749 3442 vocabula
772 3399 929 3463 nusquam
955 3378 1036 3442 alias
1060 3378 1163 3445 obvia

89 3485 268 3549 communia
283 3483 425 3548 habeant
442 3485 587 3550 Catullus
604 3491 636 3548 et
650 3486 821 3569 scriptores
837 3485 1013 3568 christiani,
1038 3485 1161 3572 quippe

88 3592 143 3676 qui
159 3611 200 3655 cx
216 3590 328 3655 eodem
344 3592 470 3677 utrique
483 3592 582 3676 fonte,
607 3613 648 3656 ex
664 3613 811 3657 sermone
834 3593 960 3657 scilicet
984 3596 1160 3674 communi,

34 3694 37 3701 ’
87 3698 227 3784 plurima
260 3697 439 3782 hauserint,
474 3699 573 3763 etiam
607 3700 811 3785 participium
833 3701 912 3765 illud
935 3700 987 3765 hic
1022 3721 1161 3767 comme·

87 3804 278 3869 morandum
302 3826 375 3870 esse
401 3807 519 3870 censui.

175 3910 272 3974 Adici
294 3919 441 3998 possunt:

179 4027 443 4092 circumsilio
468 4029 534 4112 3,9
559 4029 615 4095 sed
639 4032 869 4097 circumsiliens
892 4031 986 4098 modo
1010 4034 1073 4097 huc
1088 4055 1160 4100 mo-

88 4134 129 4199 do
159 4135 236 4198 illuc
259 4175 302 4184 —-
326 4135 369 4200 ad
395 4138 496 4200 solam
520 4138 682 4203 dominam
713 4159 815 4225 usque
848 4139 1016 4224 pipiabat‘.
1062 4137 1160 4207 Idom
1256 4152 1259 4157 '

74 4240 219 4306 ‘verbum
242 4241 339 4307 habet
364 4243 474 4308 lunen.
494 4246 544 4326 10,
561 4247 625 4309 218
649 4247 839 4311 circumsilit
862 4247 988 4331 agmine
1010 4243 1095 4309 facto
1112 4286 1160 4300 -

87 4349 274 4415 morborum
297 4371 390 4416 omne
413 4372 524 4440 genus.
