2566 4762
54 4444 93 4498 h

560 209 773 270 ..56-

135 424 217 490 quae
240 407 316 466 sunt
339 401 490 487 fervidus,
512 402 656 486 timidus,
678 401 835 487 placidus,
859 400 944 465 aliis.
976 399 1113 465 Poterat
1136 400 1206 465 adi·

134 531 206 575 cere
229 511 335 596 ipsum
366 509 532 593 candidus,
566 508 653 593 quod
684 508 869 574 Macrobius
892 509 926 572 111
949 528 1047 572 101011
1069 508 1205 593 Proper-

132 620 221 683 tianc
244 619 343 682 habet
365 617 516 702 quodque
532 617 718 702 praeferunt
731 615 782 679 illi
798 613 928 678 ardidus
939 615 1085 679 homines
1100 613 1206 679 docti:

134 726 257 790 Verum
280 725 442 788 enimvero
466 745 507 787 ex
530 724 677 808 analogia
699 722 871 786 formatum
894 725 967 787 esse
987 722 1069 785 illud
1092 721 1205 786 aridus

134 853 239 919 neque
263 833 286 895 ii
310 831 473 916 negabant
496 832 551 916 qui
572 829 731 893 Macrobii
753 835 943 916 receperunt
961 829 1134 893 lectionem
1148 849 1206 893 ne-

134 960 199 1024 que
222 960 281 1022 ego
304 959 404 1022 neg03
436 942 469 1001 at
500 937 631 1022 quinam
654 937 697 1000 sit
721 936 950 1022 explicandum
972 937 1070 1022 plane
1091 936 1207 1020 ignoro

135 1066 195 1109 nec
227 1045 400 1130 explicavit
427 1043 668 1128 Hertzbergius,
695 1043 750 1128 qui
773 1043 858 1128 quod
882 1044 916 1108 in
938 1042 1206 1128 interpretatione

135 1151 298 1237 Propertii
323 1150 510 1235 germanica
534 1151 647 1215 vertit:
670 1151 728 1212 hat
748 1150 783 1213 in
798 1149 862 1213 den
878 1149 990 1235 Tagen
1006 1156 1099 1233 etwa,
1114 1151 1207 1214 mein

132 1258 236 1341 Hera,
272 1257 325 1322 die
353 1257 411 1321 das
434 1257 548 1321 Leben
572 1256 622 1321 dir
644 1256 823 1320 schenkten
845 1296 889 1306 —
911 1257 981 1320 laut
1002 1276 1074 1319 unm
1096 1254 1207 1320 Glaok

135 1363 184 1427 dir
208 1364 349 1447 geniesst
372 1362 474 1427 Amor
498 1363 555 1428 der
582 1363 747 1447 feurige
777 1362 898 1427 Gott?
923 1361 1091 1448 epitheton
1113 1362 1207 1426 affin·

133 1471 179 1555 git
213 1469 272 1533 deo
307 1470 359 1534 hic
393 1469 520 1554 quidem
554 1470 687 1534 minime
721 1470 923 1535 conveniens.
970 1468 1141 1554 Equidem,
1163 1491 1208 1535 ne

134 1576 254 1640 multus
294 1577 375 1661 sim,
414 1577 542 1640 omnino
577 1597 689 1641 verum
724 1598 794 1642 esse
828 1583 905 1663 puto
943 1576 1024 1640 illud
1049 1576 1208 1642 candidus

133 1683 246 1768 (quam
271 1684 407 1748 eandem
438 1685 609 1748 lectionem
647 1685 800 1749 exhibent
830 1705 899 1748 exc.
927 1683 1085 1751 Bobiens.
1106 1683 1150 1750 V.
1174 1705 1208 1769 p,

134 1790 233 1874 [3503
266 1791 323 1855 sed
349 1812 406 1877 pro
438 1812 475 1855 eo
499 1790 587 1877 quod
608 1790 793 1856 Macrobius
818 1791 917 1856 habet
938 1795 1096 1876 augustae
1119 1789 1209 1874 (au-

133 1903 299 1981 gustum
322 1921 386 1963 non
410 1899 528 1963 inscite
551 1898 769 1984 Passeratius)
792 1919 855 1962 non
879 1897 991 1961 dubito
1015 1917 1087 1960 cum
1103 1896 1210 1961 Muel-

132 2004 202 2066 lero
240 2004 384 2089 recipere
418 2004 571 2067 librorum
597 2005 789 2090 scripturam
816 2009 1005 2089 argutum
1029 2006 1128 2088 quam
1151 2024 1210 2069 eur

132 2110 362 2175 Lachmannus
394 2111 623 2196 posthabuerit
658 2111 835 2175 Passeratii
858 2111 988 2174 invento
1011 2129 1076 2172 non
1098 2108 1209 2177 video.

133 2215 219 2279 Vide
242 2217 347 2301 ipsum
371 2216 420 2281 ed.
445 2219 518 2283 mai.
542 2240 574 2303 p.
596 2218 669 2282 108.

512 2465 828 2520 3.Vorba.

240 2640 350 2727 Atque
373 2642 406 2705 in
430 2642 491 2705 hac
515 2642 712 2727 quaestionis
735 2647 827 2728 parte
850 2643 917 2707 iarn
939 2642 1020 2707 illud
1037 2643 1125 2729 quod
1140 2645 1209 2729 pri-

134 2769 222 2812 mum
246 2750 390 2813 occurrit.

240 2857 376 2920 eviolo
399 2856 425 2939 I,
451 2858 480 2939 7,
505 2856 546 2921 16
571 2861 605 2919 10
629 2877 755 2941 quoque
779 2856 808 2921 si
832 2861 919 2921 certo
943 2878 1026 2943 puer
1049 2857 1105 2923 hio
1128 2878 1208 2923 con-

135 2963 273 3026 cusserit
304 2982 381 3025 arou
413 3002 456 3010 -
483 2983 544 3045 quo
576 2963 674 3025 nolim
698 2968 823 3027 nostros
848 2965 1008 3029 eviolasse
1032 2963 1122 3048 deos,
1145 2966 1210 3030 fal-

133 3091 206 3134 sum
229 3070 299 3133 sine
323 3068 421 3133 dubio
445 3074 509 3145 est,
546 3089 608 3153 qua
635 3069 733 3133 dere
757 3091 830 3134 curn
853 3092 938 3134 nunc
960 3091 1055 3136 nemo
1079 3071 1209 3139 dubitet

133 3175 238 3240 dicere
261 3174 355 3262 plura
379 3173 588 3260 supersedere
611 3195 754 3260 possum,
783 3175 824 3240 ad
846 3176 1094 3263 Hertzbergium
1117 3179 1208 3247 dele-

133 3302 232 3365 gasse
254 3281 411 3346 lectorem
435 3286 614 3364 contentus3
638 3281 693 3367 qui
715 3287 824 3346 tamen
846 3282 916 3368 ipse
939 3285 1024 3371 quod
1046 3284 1207 3351 Italorum

132 3392 261 3451 secutus
277 3387 446 3451 inventum
463 3386 607 3472 scripsit:
624 3385 711 3470 quod
726 3386 825 3451 nolim
841 3394 969 3453 nostros
985 3391 1206 3458 evoluisse

132 3491 231 3575 deos,
266 3514 307 3557 ne
344 3493 447 3556 hilum
485 3493 613 3578 quidem
652 3493 785 3577 proficit.
831 3493 916 3558 Nam
939 3482 1103 3580 quomodo
1122 3498 1206 3564 illud

132 3599 284 3663 evolvere
308 3598 374 3663 dici
396 3605 493 3684 queat
515 3600 577 3664 hac
601 3600 813 3664 translatione
837 3622 901 3666 uon
921 3602 1026 3687 magis
1041 3603 1205 3689 perspicio

131 3724 227 3788 quam
255 3703 384 3769 Keilius
415 3705 473 3791 qui
504 3704 674 3769 infeliciter
697 3705 849 3770 coniecit:
874 3708 959 3792 quod
982 3710 1052 3774 noli
1074 3715 1206 3776 nostros

130 3809 195 3872 heu
218 3810 357 3873 11010000
380 3810 466 3873 deos.
491 3809 624 3894 Optime
648 3831 726 3875 1010
741 3811 930 3898 Muellerus,
952 3815 1007 3900 qui
1021 3817 1205 3882 mutatione

130 3935 236 4000 paene
260 3915 353 3978 nulla
377 3915 523 4000 scripsit:
547 3936 610 4000 quo
633 3917 732 3979 nolim
763 3923 894 3984 nostros
931 3925 971 3984 10
1008 3921 1205 3988 11010000

131 4019 218 4084 deos.
263 4019 372 4106 Atque
395 4022 480 4085 hano
502 4042 611 4086 veram
634 4042 707 4087 esse
729 4024 926 4109 scripturam
949 4026 1058 4090 nullus
1081 4026 1205 4095 dubito.

240 4106 362 4191 Similis
386 4149 517 4212 prorsus
541 4127 687 4192 condicio
702 4130 799 4193 illius

237 4233 404 4320 intepeo
436 4234 477 4316 V,
511 4236 538 4316 1,
564 4234 628 4301 124
650 4241 683 4299 et
704 4236 795 4300 lacus
819 4237 952 4302 00011110
977 4238 1103 4324 intepet
1124 4240 1206 4305 Um·

113 4337 177 4401 ber
207 4342 315 4426 aquis,
351 4341 458 4431 quode
483 4341 568 4408 satis
590 4341 699 4409 habeo
723 4364 799 4408 oum
816 4344 979 4410 hluellero
998 4344 1206 4413 Lachmanni
