2566 4762
581 244 793 312 ..18...

152 435 348 524 rutabulum,
378 438 434 504 ubi
456 440 521 504 vid.
550 440 757 507 Klussmann.
789 490 827 500 ..
850 440 897 505 Ar.
920 441 960 504 Is.
984 437 1118 504 Vossius
1147 439 1219 504 sub-

152 549 283 612 stituere
306 549 436 614 volebat
485 549 657 613 succula
698 571 757 633 pro
792 549 913 631 sicula,
951 548 1040 612 ouius
1071 548 1098 610 si
1126 552 1220 611 vacat

152 653 225 718 ride
249 653 499 738 disputationem
523 656 646 720 observ.
671 678 701 742 p.
716 656 788 720 275.

257 760 504 825 solaciolum
522 765 551 845 2,
571 765 587 826 7
603 782 712 824 carum
728 759 912 844 nescioquid
923 760 1004 824 libet
1016 760 1116 824 iocari
1129 800 1171 808 —
1183 766 1221 822 ut

151 866 339 930 solaciolum
363 866 412 930 sui
428 867 565 931 doloris'.

199 959 201 964 ⁵
257 973 489 1037 suaviolnm
526 976 577 1058 99,
602 976 636 1040 2;
675 973 857 1037 suaviolum
892 972 978 1034 dulci
1008 971 1132 1035 dulcius
1156 993 1222 1034 anr-

151 1078 260 1142 brosia
286 1078 324 1142 ol.
349 1079 393 1142 ib.
420 1083 461 1144 14
497 1083 675 1146 suariolum
706 1081 788 1144 tristi
820 1078 945 1143 tristius
976 1077 1135 1141 elleboro'.
1159 1078 1223 1142 ba·

151 1184 299 1248 siolum
333 1189 382 1248 est
405 1207 456 1269 ap.
481 1187 560 1251 Petr
594 1188 645 1269 85,
671 1187 698 1248 6.
722 1186 817 1271 Apul.
842 1189 918 1248 met.
947 1186 996 1264 10,
1025 1185 1076 1247 21.
1102 1221 1141 1230 —
1168 1183 1221 1246 Ad

151 1291 344 1355 sententiam
367 1292 512 1376 apposite
535 1293 682 1357 laudavit
702 1292 822 1357 Statius
845 1290 924 1354 illud
949 1288 1129 1352 Callisteris
1157 1291 1223 1372 epi-

151 1417 296 1480 gramma
318 1397 455 1481 (anthol.
473 1404 550 1462 tom.
570 1399 630 1462 III.
650 1422 681 1484 p.
706 1402 735 1463 8.
749 1399 896 1484 Jacobs.)
920 1409 970 1483 ἡδὺ
990 1428 1018 1462 το
1037 1415 1127 1479 βινεῖν
1152 1408 1222 1475 ἔστι,

150 1503 192 1554 τίς
205 1499 235 1554 οὔ
253 1503 343 1570 λέγω
362 1501 418 1557 ἀλλ’
430 1500 496 1557 ὅταν
516 1505 578 1578 αἰτῇ
591 1507 744 1570 -χαλκόν,
764 1507 923 1580 πικρότερον
942 1511 1051 1575 γίνεται
1070 1507 1220 1582 ἐλλεβόρου,

149 1591 205 1653 ubi
229 1590 398 1657 Jacobsins
425 1592 502 1683 citat
524 1593 609 1656 hunc
632 1593 737 1677 ipsum
761 1593 881 1659 Catulli
905 1589 1043 1658 versum.

256 1695 318 1760 His
353 1698 501 1763 addenda
534 1698 596 1763 duo
629 1721 713 1784 quae
749 1703 809 1764 etsi
845 1703 1011 1785 agroecis
1035 1702 1219 1765 nominibus

151 1801 287 1866 deducta
301 1810 374 1867 sunt
385 1805 482 1889 vulgo
496 1812 603 1869 tamen
615 1813 745 1892 recepta
760 1809 859 1873 fuisse
877 1809 956 1871 sctis
972 1808 1138 1892 probabile
1155 1815 1220 1872 est:

257 1910 392 1994 episto
407 1913 507 1976 lium
532 1915 615 1995 68,2
640 1915 854 1998 conscriptum
876 1915 937 1978 hcc
960 1915 1102 1978 lacrimis
1118 1916 1219 1980 mittis

151 2013 354 2099 epistolium’.
404 2016 510 2083 Gloss.
535 2019 638 2083 Labb.
673 2020 785 2104 (Thes.
810 2021 861 2084 ed.
886 2020 1001 2105 Vclpy.
1026 2020 1076 2083 IX
1104 2043 1134 2105 p.
1160 2021 1219 2103 79)

150 2131 304 2188 ἐπιστόλιον
324 2125 519 2208 epistolium.

257 2232 410 2295 zonula
446 2232 499 2315 61,
534 2232 574 2294 53
609 2229 669 2295 tibi
700 2232 843 2316 virgines
878 2269 922 2280 -
949 2233 1065 2295 zonula
1089 2233 1219 2295 soluunt

150 2339 258 2404 sinus’.
304 2336 427 2403 Eadem
462 2337 562 2400 forma
596 2358 671 2401 usus
706 2341 756 2401 est
778 2337 963 2402 Alexander
1000 2336 1136 2401 Severus
1167 2360 1217 2424 ap.

149 2444 315 2532 Lamprid.
363 2443 417 2508 Al.
446 2441 517 2507 Ser.
544 2444 585 2505 52
618 2444 635 2525 ξ
660 2444 694 2506 3:
716 2445 809 2507 miles
837 2465 900 2508 non
924 2445 1016 2507 timet
1038 2445 1101 2506 nisi
1123 2447 1219 2508 vesti-

150 2557 201 2617 tus
233 2557 376 2616 armatus
405 2550 559 2614 calciatus
591 2553 623 2612 et
646 2555 734 2612 satur
758 2553 790 2611 et
812 2549 934 2613 habens
965 2549 1089 2632 aliquid
1113 2551 1146 2612 in
1170 2572 1219 2615 ro·

149 2659 236 2734 nula,
261 2662 294 2721 et
317 2656 457 2721 Serenus
480 2677 530 2739 ap.
555 2653 638 2717 Non.
653 2656 771 2736 beaw
795 2656 875 2740 (629
902 2653 1031 2740 Quich)
1049 2677 1072 2718 s.
1090 2677 1120 2719 v.
1139 2657 1216 2719 rica:

149 2754 432 2849 Serenssopusculo
455 2760 512 2824 lib.
529 2760 555 2824 l.
581 2766 637 2823 aut
659 2761 776 2823 zonula
788 2760 847 2845 (—
863 2782 914 2823 am
931 2760 1039 2845 editt.)
1058 2767 1217 2826 antaeum

151 2877 209 2935 aut
223 2871 332 2935 ricam.
348 2870 389 2933 L.
413 2868 588 2933 Muellerus
616 2868 649 2930 in
673 2866 800 2951 append
833 2867 874 2930 ad
897 2867 997 2930 Rutil.
1015 2867 1144 2931 Namat.
1169 2869 1215 2954 (p.

150 2977 209 3062 47)
233 2983 288 3040 aut
310 2973 455 3039 sonulam
480 2978 537 3036 aut
559 2974 658 3036 nicam
683 2979 738 3036 aut
761 2993 863 3036 acum.

257 3081 330 3146 Non
354 3076 555 3143 incommode
579 3078 675 3140 etiam
699 3079 869 3141 memorari
892 3078 951 3140 hoo
977 3079 1047 3142 loco
1064 3078 1215 3162 putabam

151 3186 399 3268 substantivum,
424 3184 509 3267 quod
530 3189 660 3269 praeter
684 3181 845 3246 Catullum
870 3189 901 3247 et
915 3182 1091 3247 Arnobium
1116 3184 1219 3245 semel

148 3291 312 3357 invenitur
337 3289 422 3376 apud
448 3294 619 3373 argenteae
644 3309 725 3375 quae
749 3290 865 3353 dicitnr
882 3290 996 3353 aetatis
1013 3290 1215 3373 scriptorem:

254 3415 432 3500 pupulus
467 3414 527 3494 56,
563 3414 581 3476 5
607 3413 761 3497 deprendi
787 3412 881 3475 modo
906 3412 1062 3497 pupulum
1085 3411 1215 3495 puellae

149 3522 403 3584 -trusantem’.
426 3519 545 3582 Forma
569 3518 767 3582 deminutiva
790 3524 838 3582 est
856 3517 1051 3581 substantivi
1074 3537 1214 3603 pupus.

148 3625 299 3690 Glossae:
322 3648 444 3712 pupust
463 3640 573 3712 βρέφος,
592 3643 698 3704 rarior,
718 3641 910 3713 παιδισκάριον
929 3651 955 3694 θ.
975 3639 1042 3712 κόρη
1061 3639 1214 3707 ὀφθαλμοῦ.

146 3730 255 3816 Atque
278 3732 363 3797 illius
390 3736 530 3799 notionis
566 3739 745 3822 exemplum
778 3739 879 3801 habes
915 3759 965 3819 ap.
996 3737 1089 3802 Varr.
1127 3736 1213 3799 Men.

148 3838 201 3917 88,
237 3841 256 3901 3
282 3839 323 3903 ct'.
349 3839 437 3905 Suet.
462 3843 528 3906 Cal.
557 3843 605 3908 13.
632 3845 724 3907 huius
748 3866 800 3928 ap.
824 3844 915 3906 Paul.
947 3842 1021 3907 Nol.
1039 3864 1135 3905 carm.
1160 3841 1213 3922 20,

150 3943 222 4006 179.
267 3943 320 4008 Ab
354 3967 392 4009 eo
416 3948 544 4010 nomine
568 3947 705 4015 deducta
729 3956 803 4013 sunt
839 3949 1035 4013 deminutiva
1058 3948 1214 4034 pupulus

147 4052 182 4112 et
204 4049 344 4133 pupula.
389 4051 435 4116 Et
461 4053 640 4118 masculina
668 4054 796 4139 quidem
826 4056 926 4119 forma
960 4058 1090 4141 praeter
1124 4054 1214 4115 illum

148 4151 269 4218 Catulli
295 4155 399 4219 locum
424 4156 538 4221 eodem
561 4180 658 4222 sensu
680 4161 841 4225 invenitur
865 4160 940 4224 Sen.
959 4182 1005 4246 ep.
1025 4163 1075 4243 12,
1100 4161 1119 4226 3
1143 4182 1214 4243 pu-

146 4260 272 4345 pulus
295 4261 395 4325 ctiam
419 4263 572 4327 delicium
594 4286 700 4330 meum
723 4266 825 4331 factus
851 4268 925 4332 cst?
950 4267 1012 4331 alio
1029 4287 1078 4352 ap.
1093 4265 1212 4328 Arncb.

103 4364 220 4448 ndu.
243 4374 328 4453 gent.
354 4373 396 4456 7,
430 4371 452 4437 8
488 4376 585 4456 atque
615 4377 652 4436 ut
674 4374 800 4459 parvuli
822 4374 974 4460 pusiones
997 4371 1212 4458 passerculos,
