2566 4762
529 232 745 294 „19-

102 431 250 517 pupulos,
275 430 427 515 equuleos
453 430 623 514 accipiunt,
647 431 702 493 uhi
721 430 801 494 haec
825 419 1042 493 Stewechius:
1067 449 1172 513 pupus

101 543 139 600 et
162 558 249 621 pupa
271 557 328 620 pro
352 535 551 620 pusionibus,
575 537 719 620 puerulis
745 542 778 598 et
793 534 945 620 puellulis
960 539 1043 596 nota.
1069 531 1172 599 Varro

101 640 158 706 lib.
196 641 245 704 VI
279 640 370 725 (Vll,
407 644 437 723 3,
461 642 519 729 28)
543 664 655 727 pusam
678 649 780 706 vocat.
826 641 879 704 Ab
902 641 952 703 his
976 640 1115 724 pupulus
1141 646 1173 704 et

103 748 224 833 pupula
248 747 359 810 eadem
394 748 520 811 ratione
557 748 724 812 deminuta
748 751 823 811 sunt
846 747 993 828 Catullo,
1030 746 1172 831 Apuleio

104 860 138 918 et
169 854 247 917 aliis.
295 853 346 917 Ea
381 855 511 917 nomina
539 855 714 938 antiquitus
749 854 849 917 etiarn
883 866 989 920 εἰκόνια
1014 851 1174 938 sigillaria

102 982 161 1025 seu
195 960 449 1043 imaginnculas,
492 980 573 1044 quae
597 960 756 1045 hodieque
781 961 815 1023 in
839 982 898 1025 usu
923 960 1102 1026 nutricibus
1136 979 1175 1022 ac

103 1067 224 1152 pueris,
248 1066 477 1150 designabant:
502 1088 521 1128 a
543 1066 656 1150 quibus
674 1067 848 1130 etiamnum
864 1073 1006 1131 nostrate
1021 1067 1174 1130 idiomate

104 1173 349 1236 denominantur
382 1173 536 1256 Puppen3
574 1171 614 1234 de
650 1172 765 1257 quibus
801 1179 849 1236 est
871 1174 1063 1238 Persianum
1093 1172 1175 1235 illud

104 1284 163 1342 sat.
187 1277 223 1341 ΙΙ
253 1277 329 1362 (70)
360 1277 483 1362 Nempe
514 1279 573 1341 hoc
596 1277 680 1361 quod
704 1277 824 1343 Veneri
849 1280 986 1344 donatae
1011 1301 1029 1343 a
1051 1268 1174 1362 virgine

103 1405 219 1471 pupae.
268 1382 481 1447 scribendum
516 1385 624 1467 itaque
650 1383 771 1448 duobus
796 1386 848 1450 vel
869 1388 963 1450 unico
986 1385 1051 1471 psi
1072 1384 1174 1449 lubet.

106 1490 211 1553 Varro
234 1488 367 1574 Aborig.
391 1489 489 1574 (fal
522 1489 603 1554 Non.
629 1513 653 1555 s.
678 1511 708 1554 v.
733 1513 840 1578 pupae
876 1516 907 1578 p.
942 1492 1024 1578 156.)
1059 1512 1176 1575 magna

105 1617 184 1680 pars
223 1596 257 1658 in
295 1595 488 1659 desiderium
533 1618 690 1682 puparum
731 1605 763 1661 et
799 1599 976 1684 sigillorum
1006 1597 1175 1663 veniebat’.

105 1700 296 1765 Femininae
331 1702 451 1766 formae
475 1705 625 1788 exempla
649 1710 760 1768 extant
783 1705 816 1768 in
840 1705 982 1791 inscript.
1008 1726 1059 1790 ap.
1074 1703 1175 1770 Orell.

104 1806 188 1872 3031
215 1830 234 1871 a
256 1809 376 1893 pupula
398 1808 450 1895 (ut
472 1810 567 1893 vulgo
591 1832 610 1872 a
633 1810 762 1895 puero);
789 1824 997 1900 ὑποκοριστικῶς
1025 1831 1098 1874 mea
1120 1832 1177 1895 pu·

106 1913 182 1997 pula
206 1914 303 1999 Apul.
328 1921 403 1978 met.
430 1918 459 1999 6,
488 1917 543 2000 16;
568 1938 606 1980 ea
641 1916 746 2001 signif.
775 1937 838 2000 qua
874 1916 930 1979 alii
963 1916 1086 2001 pupilla
1125 1938 1176 2001 ap.

106 2016 175 2082 Cio.
201 2019 239 2082 de
263 2026 328 2083 nat.
352 2019 382 2083 d.
406 2021 437 2104 2,
462 2022 512 2104 57,
540 2022 601 2087 142
631 2023 687 2086 ubi
722 2029 818 2086 antea
850 2022 1021 2106 legebatur
1050 2021 1177 2107 pupilla

107 2129 141 2188 et
166 2125 294 2209 saepius
311 2126 399 2212 apud
414 2128 597 2213 Apuleium,
622 2129 674 2192 cui
697 2129 816 2213 ubique
840 2128 923 2191 hanc
946 2127 1081 2191 formam
1103 2128 1172 2192 vin-

105 2228 505 2299 dicavitHildebrandus.
553 2234 637 2298 Vide
676 2235 782 2320 ipsum
820 2233 862 2297 ad
900 2234 942 2316 3,
981 2235 1022 2297 22
1061 2232 1171 2318 (139).

106 2334 315 2402 Translatire
349 2361 407 2423 pro
442 2341 532 2404 oculo
563 2340 636 2425 ipso
660 2340 751 2423 Hor,
777 2340 873 2425 Apul.
898 2377 940 2387 -
967 2335 1075 2402 Semel
1096 2358 1172 2402 vero

106 2441 311 2506 scribendum
334 2464 405 2508 esse
436 2446 578 2509 litteram
602 2468 633 2530 p.
658 2467 723 2509 non
745 2447 845 2509 semel
866 2446 958 2509 bisve
981 2450 1017 2508 ut
1039 2442 1174 2529 putabat

107 2544 302 2612 Steweohius
340 2551 393 2614 vel
427 2551 580 2614 librorum
614 2572 692 2615 mss.
716 2553 751 2614 in
786 2552 932 2615 omnibus
962 2551 1176 2635 scriptoribus

106 2672 282 2719 consensus
305 2661 453 2720 testatur.

212 2759 423 2826 Substantiva
438 2763 581 2826 verbalia
603 2764 637 2827 in
659 2803 702 2812 -
727 2763 772 2827 tio
797 2765 1000 2828 excurrentia
1024 2761 1110 2848 apud
1125 2783 1174 2826 so·

103 2866 170 2929 lum
193 2867 354 2933 Catullum
377 2870 589 2932 inveniuntur
613 2870 707 2933 haec:

212 2977 426 3057 argutatio
461 2977 547 3058 6,11
574 2976 770 3061 tremulique
797 2997 916 3060 quassa
937 2976 1178 3057 lecti—argu·

103 3079 184 3142 tatio
216 3079 510 3165 inambulatioque’.
558 3081 702 3144 Achilles
735 3078 870 3145 Statius:
912 3081 968 3143 illa
1001 3087 1037 3143 ut
1068 3080 1174 3143 dicam

104 3184 179 3247 lecti
202 3186 376 3267 garrulitas
402 3187 489 3250 Fest.
514 3188 628 3271 Pomp.
661 3186 708 3271 (p.
737 3186 817 3270 368)
841 3186 874 3249 in
910 3185 1010 3249 verbo
1046 3185 1178 3249 tacitus:

110 3291 234 3374 tacitus,
250 3291 363 3376 inquit,
387 3293 484 3356 etiam
501 3299 641 3376 argutus,
659 3293 733 3377 quia
747 3297 857 3376 potest
874 3289 1042 3376 aliquando
1058 3296 1176 3355 tacere.

108 3393 162 3459 Sic
196 3397 276 3460 alibi
304 3397 373 3482 (68,
399 3399 457 3483 72)
480 3399 565 3462 idem
589 3403 656 3462 Cat.
682 3405 834 3483 argutam
856 3399 978 3461 soleam
1002 3396 1087 3459 dixit
1109 3417 1176 3461 cre-

105 3502 269 3585 pitantem.
316 3504 387 3568 Nisi
427 3505 482 3589 qui
512 3505 643 3568 brevem
672 3504 764 3567 malit
788 3504 981 3587 intelligere.
1029 3502 1177 3567 Oratinus

106 3627 156 3692 ap.
180 3606 455 3693 Hephaestionem
471 3609 518 3694 (p.
537 3611 595 3696 84)
617 3611 700 3674 hanc
730 3610 834 3673 dicere
857 3608 985 3673 videtur
1006 3625 1103 3699 raptor
1126 3626 1177 3692 aa

108 3743 205 3797 φησιν,
240 3716 308 3779 eius
339 3715 424 3778 enim
455 3736 583 3780 versum
614 3717 706 3779 illum
736 3716 835 3801 ponit,
868 3717 1008 3791 εὐδαίμον’
1037 3718 1124 3773 ἔτικτε
1144 3737 1176 3773 σε
1231 3721 1234 3727 ’

107 3835 200 3909 μήτηρ
220 3833 317 3907 ἰκρίων
336 3835 469 3904 ψόφησις.
501 3822 594 3887 Ovld.
623 3823 658 3885 ln
684 3823 745 3887 ΠΙ.
775 3843 874 3886 amor.
903 3823 972 3908 (14,
991 3821 1178 3907 26)81Η1111·

107 3933 172 3991 ter:
189 3928 375 4014 spondaque
397 3931 518 3994 lasciva
534 3929 715 3993 mobilitate
730 3930 865 3993 tremat’.
906 3929 951 3994 ut
968 3929 1093 3994 Cratini
1110 3933 1177 4016 qui·

109 4030 181 4096 dem
224 4034 324 4097 verba
360 4036 517 4120 quomodo
552 4034 768 4119 intellegenda
804 4041 913 4099 essent
948 4035 1180 4100 demonstravit

108 4138 267 4222 Bergkius
304 4148 470 4205 comment.
508 4140 547 4205 de
577 4140 645 4205 Att.
670 4141 790 4205 comed.
821 4162 851 4225 p.
876 4143 895 4202 9
921 4161 981 4225 sq,
1013 4142 1067 4226 qui
1104 4159 1177 4230 ἴκρια

106 4244 207 4329 ipsius
229 4244 347 4310 theatri
363 4247 454 4311 sedes
483 4268 563 4330 esse,
605 4249 736 4333 antiqua
770 4245 990 4332 appellatione
1024 4245 1058 4308 in
1092 4263 1177 4307 com·

108 4350 199 4415 muni
221 4370 368 4418 sermone
390 4358 555 4437 revocata,
583 4359 685 4417 totum
707 4351 789 4416 illud
817 4364 914 4438 ἰκρίων
934 4361 1066 4434 odanco
1106 4367 1177 4434 spe·

973 4472 1014 4525 ἐν
