2566 4762
540 200 741 262 ..5-

107 393 184 456 dum
207 393 402 456 labefactata
425 398 496 455 erat
521 391 720 456 Graecorum
743 393 933 473 imitatione,
967 413 1038 455 cum
1062 398 1174 454 contra

108 518 258 582 Tibullus
284 522 379 602 atquc
401 517 589 602 Propertius
614 538 652 582 eo
675 521 844 581 uterentur
867 537 1015 581 sermone
1038 516 1176 601 poetico,

107 665 203 728 quem
226 643 395 728 Vergilius
432 642 638 728 potissimum
674 647 706 705 ct
728 640 885 706 Horatius
913 640 954 705 ad
978 640 1175 711 Graecorum

105 789 251 832 normam
286 760 547 852 ingeniosissime
585 767 868 831 conformaverunt.
920 764 1001 829 Inde
1036 765 1175 851 plurima

106 913 188 975 quae
212 891 298 977 apud
327 891 513 976 Augusteae
537 891 655 955 aetatis
677 895 789 976 poetas
814 891 893 954 satis
916 890 1096 974 frequenter
1120 912 1173 955 oc-

105 1023 243 1100 currunt,
268 1017 352 1101 apud
376 1017 539 1083 Catullum
572 1037 735 1101 nunquam
759 1021 815 1079 aut
838 1021 923 1079 certe
945 1014 1111 1079 rarissime
1127 1016 1175 1081 in·

104 1140 284 1204 veniuntur.
332 1139 444 1226 Neque
478 1161 561 1202 nune
595 1140 629 1202 in
665 1140 770 1203 animo
811 1145 861 1202 est
895 1140 997 1204 fusius
1027 1142 1176 1225 persequi

104 1263 186 1327 hane
216 1264 383 1328 materiam
420 1284 477 1350 per
511 1285 545 1328 se
574 1264 653 1327 satis
678 1264 828 1350 amplam,
853 1284 925 1327 cum
948 1264 1067 1328 habeat
1089 1263 1176 1328 aliud

104 1394 325 1471 argumentum
356 1389 436 1452 haee
471 1388 614 1472 scripti03
648 1409 747 1451 unum
782 1389 963 1452 alterumve
992 1390 1175 1474 exemplum

104 1510 248 1575 sufficiat.
295 1511 468 1575 Latissime
502 1516 614 1596 patere
660 1510 744 1596 apud
779 1516 893 1596 poetas
918 1511 1105 1595 Augusteos
1130 1514 1175 1576 in·

101 1633 217 1696 finitivi
240 1656 334 1698 usum
357 1634 478 1698 nemini
502 1635 662 1719 ignotum,
686 1633 767 1698 adeo
790 1642 825 1699 ut
849 1635 1001 1699 Tibullus
1026 1657 1090 1700 non
1120 1658 1175 1701 ve·

101 1757 179 1820 ritus
196 1758 238 1820 sit
252 1758 369 1841 dicere,
392 1763 428 1821 ut
444 1758 508 1822 alia
523 1759 624 1823 multa
641 1759 801 1822 omittam:
825 1756 891 1821 illis
909 1760 1049 1845 eriperes
1066 1758 1175 1825 verbis

102 1880 180 1943 mihi
195 1878 300 1943 sidera
316 1881 399 1945 caeli
416 1883 574 1947 -lucere
591 1890 624 1948 et
638 1907 739 1971 puras
756 1882 901 1948 fulminis
917 1904 990 1948 esse
1007 1885 1087 1949 vias’
1100 1884 1173 1968 (Ι,9,

103 2004 144 2064 35
169 2004 240 2086 sq),
265 2002 473 2088 Propertius:
502 2026 573 2088 ,nec
596 2028 648 2071 me
674 2007 805 2072 deficiet
827 2014 940 2072 nautas
964 2008 1106 2092 rogitare
1131 2009 1174 2072 ei·

103 2131 187 2190 tates
212 2127 250 2211 (Ι,
274 2130 304 2212 8,
329 2131 384 2213 23)
409 2135 441 2193 et
463 2130 542 2194 mihi
565 2153 628 2195 non
645 2133 764 2197 desunt
779 2140 888 2221 turpes
903 2133 1044 2219 pendere
1070 2135 1174 2197 corol-

101 2253 153 2316 lae
168 2293 210 2301 —
228 2275 353 2338 semper
377 2259 410 2318 et
433 2256 557 2318 exclusi
580 2257 674 2341 signa
696 2258 802 2321 iacere
825 2257 911 2321 laces
936 2257 976 2342 (Ι,
998 2259 1046 2338 16,
1065 2260 1082 2320 l
1101 2260 1173 2342 sq),

102 2377 153 2438 cui
168 2377 274 2440 simile
288 2382 379 2440 extat
394 2380 578 2464 exemplum
593 2381 627 2444 in
643 2382 839 2467 panegyrico
855 2381 1017 2445 Messalae
1033 2384 1073 2464 (ι.
1084 2382 1167 2466 160)

100 2505 166 2562 tum
190 2499 249 2563 tibi
277 2521 342 2564 non
366 2501 448 2565 desit
469 2503 585 2567 faciem
610 2525 802 2590 componere
825 2528 965 2592 pugnae.
991 2505 1068 2572 Jam
1091 2529 1169 2572 vero

100 2627 177 2690 talia
207 2627 317 2712 qualia
352 2633 445 2691 sunt:
475 2630 598 2714 parcite
632 2630 755 2695 violare
779 2631 863 2714 (Tib.
888 2631 916 2715 I,
942 2630 971 2713 li,
998 2633 1053 2715 51)
1077 2653 1174 2716 parce

100 2771 215 2815 nocere
239 2750 357 2835 (Lygd.
385 2752 414 2834 5,
439 2750 471 2835 6)
505 2755 616 2818 tollere
652 2761 722 2817 tum
757 2761 864 2818 curast
894 2754 981 2839 (Tib.
1005 2753 1032 2838 I,
1064 2758 1094 2839 8,
1118 2757 1173 2840 46)

100 2897 198 2939 causa
221 2874 327 2961 perire
349 2874 411 2937 fuit
427 2876 544 2961 (Lygd.
562 2878 592 2960 2,
611 2879 667 2963 30)
690 2879 822 2943 libertas
844 2879 934 2963 loqui
957 2879 1065 2964 (Prop.
1088 2879 1115 2962 Ι,
1146 2881 1172 2962 l,

101 2968 155 3083 28)
192 2998 334 3062 studium
370 2999 558 3084 conquirere
593 3000 632 3085 (Ι,
655 3000 686 3085 2,
711 3004 743 3085 3)
769 3024 865 3087 parce
896 3022 1026 3065 movere
1049 3001 1088 3084 (Ι,
1118 3004 1167 3086 15,

100 3124 155 3207 26)
178 3128 304 3207 tempus
326 3121 476 3206 lustrare,
500 3122 577 3188 dare
602 3125 677 3209 (ΙΙΙ,
703 3128 730 3208 l,
759 3130 787 3189 1.
812 3126 846 3210 2)
870 3147 987 3191 nomen
1005 3128 1095 3191 lassa
1117 3146 1173 3190 vo·

101 3270 174 3313 care
197 3267 305 3312 meum
334 3245 413 3330 (ΙΠ,
449 3247 468 3311 Ι)
499 3249 555 3332 28)
590 3249 680 3331 talia,
723 3251 862 3336 inquam,
893 3258 959 3315 tam
990 3252 1168 3316 familiaria

101 3380 176 3438 sunt
199 3373 328 3438 Tibullo
364 3377 462 3457 atque
486 3372 665 3461 Propertio,
699 3376 847 3460 integras
883 3378 1020 3462 paginas
1054 3382 1091 3440 ut
1114 3378 1171 3440 im-

100 3500 186 3582 plere
209 3497 332 3583 possim
355 3497 521 3582 exemplis.
558 3497 660 3584 Atqui
684 3499 830 3583 Catullus
854 3500 915 3564 duo
940 3506 1068 3565 tantum
1091 3502 1170 3566 libe·

101 3623 191 3687 rioris
214 3622 367 3687 infinitivi
389 3643 467 3719 usus
491 3624 642 3709 exempla
676 3624 775 3688 habet
799 3646 901 3710 eaque
926 3627 959 3689 in
983 3628 1112 3713 epyllio,
1136 3629 1169 3692 in

100 3768 162 3831 quo
186 3747 275 3811 illum
298 3746 495 3811 Graecorum
518 3747 668 3811 insistere
692 3747 840 3832 vestigiis
866 3749 958 3812 nulla
980 3750 1075 3835 plane
1114 3751 1169 3814 du·

100 3868 214 3934 bitatio
239 3876 301 3934 est:
326 3870 373 3934 nil
397 3876 544 3936 metuunt
566 3872 684 3955 iurare,
700 3871 783 3936 nihil
806 3873 1056 3957 promittere
1079 3894 1170 3959 par·

101 3998 198 4057 cunt
220 3995 261 4078 (v.
289 3994 364 4079 146)
389 4015 464 4058 nam
497 3995 592 4058 simul
616 4014 654 4057 ac
677 3995 769 4059 fessis
802 3994 969 4060 dederit
1004 3995 1071 4061 fors
1095 4016 1171 4062 co·

100 4119 209 4203 piam
232 4118 554 4185 Achivis-solvere
579 4121 623 4205 (v.
647 4121 711 4187 366
738 4123 808 4206 sq).
836 4120 958 4186 Similis
979 4123 1014 4187 in
1038 4141 1169 4187 casuum

100 4262 160 4306 usu
182 4243 357 4330 modestia3
380 4243 414 4308 id
441 4244 526 4332 quod
553 4245 619 4309 iam
649 4225 723 4310 inde
746 4251 882 4334 apparet
906 4246 991 4335 quod
1013 4244 1171 4311 accusati·
