2566 4762
531 189 751 254 ..20„,

107 384 265 445 ctatorum
290 380 471 464 significare
494 383 687 467 applausum
710 383 829 468 optime
863 384 987 448 monuit
1018 385 1070 470 (of.
1094 382 1176 452 Mei-

107 487 179 552 nek.
216 489 304 554 Com.
320 509 366 571 gr.
390 488 422 572 2,
448 490 474 552 1.
498 510 529 574 p.
557 490 650 574 194);
681 490 716 553 id
738 511 816 553 vero
839 497 923 553 recte
947 490 1069 555 Statius
1092 493 1177 577 quod

108 595 344 679 argutationem
376 594 416 657 de
447 597 570 678 crepitu
593 596 670 660 lecti
694 616 791 680 saepe
815 598 957 661 concussi
983 598 1176 683 interpreta-

106 707 166 765 tur.
214 700 326 784 Neque
349 700 542 785 Doeringius
572 703 742 787 quiequam
777 703 885 765 attulit
917 703 959 766 ad
982 702 1076 767 Statii
1106 705 1175 791 opi-

107 806 236 870 nionem
272 806 517 888 confutandam3
557 808 611 892 qui
645 807 728 892 quod
759 807 840 871 illud
872 808 1030 891 argutatio
1062 809 1175 873 eodem

105 913 170 978 fere
200 934 295 977 sensu
324 915 465 999 positum
496 935 566 977 esse
589 915 636 977 ait
659 935 719 1000 quo
743 915 955 978 inambulatio
990 923 1173 1002 comparato

106 1021 221 1085 Titinii
251 1022 363 1106 fragm.
390 1043 438 1107 ap.
462 1021 546 1085 Non.
570 1043 596 1086 s.
613 1043 642 1085 v.
659 1022 801 1104 argutari
825 1044 854 1106 p.
872 1024 935 1086 245
953 1022 1173 1110 (Quisnam)

105 1149 169 1191 nou
197 1129 307 1192 hercle
337 1128 422 1191 vidit
456 1148 529 1190 eum
563 1129 670 1213 ipsum
705 1129 812 1192 locum
846 1129 1034 1193 confirmare
1065 1131 1172 1215 potius

106 1232 203 1298 Statii
233 1239 266 1296 et
295 1235 349 1319 qui
379 1254 452 1297 eum
482 1235 585 1298 secuti
614 1241 686 1297 suut
709 1236 1015 1319 interpretationem.
1062 1233 1172 1299 Verba

106 1340 220 1404 Titinii
254 1346 383 1425 corupte
418 1341 538 1424 scripta
573 1345 648 1404 suut
678 1340 712 1403 iu
736 1340 827 1404 codd.
852 1343 885 1404 in
912 1343 999 1405 hunc
1021 1341 1171 1405 modum:

104 1450 189 1510 terra
211 1446 291 1509 haec
315 1451 375 1527 est,
397 1466 481 1507 nova
504 1466 575 1529 qua,
599 1444 656 1507 ubi
679 1450 715 1508 tu
730 1445 845 1508 solitus
863 1446 1008 1529 argutari
1024 1445 1170 1530 pedibus,

106 1557 225 1615 cretam
256 1549 331 1613 dum
363 1551 539 1637 compescis
565 1551 818 1635 vestimentaque
850 1533 960 1633 levas,
995 1571 1170 1634 quaecum

104 1658 197 1720 multi
221 1657 255 1719 in
279 1655 488 1720 emendandis
513 1657 552 1719 iis
570 1657 688 1719 frustra
703 1677 833 1741 operam
849 1652 1040 1741 posuissent,
1065 1679 1171 1721 emou-

105 1762 195 1825 davit
217 1760 442 1824 Lachmannus
471 1763 505 1824 in
529 1761 624 1825 Luer.
650 1763 713 1827 379
741 1762 797 1845 (ad
822 1765 851 1845 6,
877 1763 956 1847 552)
980 1768 1068 1826 terra
1091 1766 1171 1827 haec

105 1874 164 1951 est,
199 1889 262 1931 non
286 1873 378 1951 aqiia,
409 1868 466 1931 ubi
495 1889 530 1932 es
555 1874 590 1931 tu
613 1869 727 1932 solitus
751 1871 933 1953 argutarier
957 1869 1170 1955 -pedibus,

105 1981 228 2036 cretam
252 1972 328 2035 dum
351 1974 535 2058 compescis,
559 1975 753 2037 vestimenta
777 1976 831 2059 qui
855 1976 953 2056 laves,
978 1996 1072 2059 quarn
1096 1997 1170 2039 con·

104 2080 258 2144 iacturam
282 2079 481 2142 Ribbeckius
505 2101 630 2165 quoque
660 2080 756 2165 (com.
780 2080 836 2144 lat.
860 2082 898 2144 fr.
926 2081 1004 2164 118)
1036 2083 1170 2167 recepit,

102 2185 166 2248 nisi
190 2183 275 2269 quod
299 2185 327 2248 is
350 2189 437 2248 recte
461 2186 589 2270 scripsit
613 2225 655 2234 —
678 2186 734 2249 ubi
758 2192 800 2248 tu
837 2187 1009 2250 solitu’s
1040 2193 1170 2272 arguta-

104 2291 179 2374 rier,
202 2293 301 2355 etin
324 2293 425 2354 altero
449 2313 543 2356 versu
567 2293 751 2377 compescis,
783 2296 816 2354 et
838 2291 1012 2355 Ribbeckii
1036 2294 1170 2378 scriptu«

103 2418 174 2460 ram
198 2396 408 2469 Quicheratus
440 2417 565 2481 quoque
588 2397 734 2459 exhibuit
756 2398 860 2481 posita
882 2403 989 2461 tamen
1015 2406 1090 2462 aute
1114 2421 1169 2463 vo·

103 2523 173 2566 cem
204 2510 291 2566 terra
320 2503 477 2588 particula
501 2509 550 2565 at.
598 2501 689 2574 Quae
715 2502 831 2565 Titinii
854 2503 954 2566 verba
978 2504 1041 2567 etsi
1064 2525 1083 2566 a
1106 2526 1169 2588 quo

103 2615 159 2671 aut
189 2608 231 2673 ad
260 2629 354 2693 quem
389 2614 444 2671 aut
475 2608 508 2670 in
543 2629 682 2691 quanam
717 2609 945 2670 sententiarum
983 2609 1169 2673 condicione

103 2712 190 2776 diota
211 2714 330 2778 fuerint
345 2734 410 2776 non
425 2733 598 2797 possumus
616 2712 787 2776 divinando
804 2713 941 2797 assequi,
965 2714 1044 2777 satis
1061 2720 1169 2778 tamen

103 2819 188 2883 clare
212 2819 382 2883 ostendunt
408 2818 496 2901 illud,
527 2820 668 2903 argutari
690 2818 824 2904 pedibus
854 2820 935 2885 nihil
960 2819 1048 2883 aliud
1072 2821 1169 2904 signi·

101 2922 199 2986 ficare
223 2945 318 3009 quam
342 2924 542 2987 calcando
568 2925 751 2988 efficere
776 2927 965 3008 sonitum,
997 2927 1051 3010 qui
1074 2926 1169 3010 longo

101 3028 230 3114 lateque
254 3028 449 3094 exaudiri
480 3035 612 3114 queat.
658 3030 801 3094 Ernestii
824 3028 866 3092 ad
890 3030 992 3092 Tacit.
1017 3051 1089 3093 ann.
1117 3033 1168 3113 11,

104 3136 145 3198 28
161 3140 280 3217 notam,
305 3134 347 3198 ad
370 3156 464 3220 quam
487 3135 616 3219 delegat
630 3135 834 3220 Doeringius,
857 3137 965 3220 legere
980 3158 1043 3199 non
1067 3137 1167 3220 potui.

101 3238 117 3324 )
206 3241 428 3304 inrumatio
455 3244 504 3323 18,
529 3241 548 3307 9
572 3248 702 3326 tangam
724 3248 756 3305 te
771 3243 858 3327 prior
872 3242 1096 3307 insumatiouo'
1111 3242 1169 3306 ubi

103 3345 432 3411 irruminatione
455 3347 496 3410 V.

189 3472 292 3536 neque
322 3453 641 3537 praetermittendum
669 3453 797 3516 videtur
823 3452 902 3516 illud

190 3557 351 3622 iututio
375 3561 427 3640 32,
452 3561 471 3624 7
494 3579 650 3643 paresque
674 3558 766 3621 nobis
790 3596 833 3606 -
856 3579 970 3622 novem
995 3561 1163 3624 continuas

100 3662 288 3726 fututiones'
312 3685 375 3748 qua
397 3685 474 3727 voce
502 3667 600 3729 etiam
622 3663 780 3728 Martialis
803 3684 880 3726 usus
905 3670 955 3727 est
982 3664 1020 3748 1,
1047 3668 1118 3741 106,
1144 3667 1163 3728 6

101 3773 205 3831 certae
229 3770 388 3853 nequitias
412 3771 603 3835 fututionis'.

186 3873 248 3938 His
272 3875 418 3940 addenda
441 3877 503 3941 duo
526 3877 561 3939 iu
583 3881 701 3938 -tor
724 3873 917 3937 desinentia:

188 3981 436 4065 coniugator
460 3984 512 4065 61,
529 3984 570 4045 45
597 3981 676 4045 boni
692 4018 735 4030 -
751 3979 940 4064 coniugator
954 3979 1104 4046 Amoris’.
1118 4019 1162 4031 -

99 4084 269 4170 iugator
292 4093 382 4151 extat
407 4087 493 4173 apud
514 4086 694 4153 Arnobium
709 4088 739 4171 5,
756 4088 797 4150 25
813 4086 910 4150 boum
932 4087 1060 4172 iugator
1088 4087 1162 4152 Tri-

99 4191 274 4277 ptolemus3
299 4193 554 4278 subiugatos
577 4216 628 4279 ap.
651 4192 750 4278 Apul.
769 4192 806 4255 de
823 4191 927 4276 dogm.
950 4192 1080 4267 Platon.
1097 4193 1159 4276 2,7

99 4296 181 4383 230)
203 4299 259 4382 qui
281 4304 331 4362 est
353 4298 547 4384 suffragator
564 4297 721 4363 bonorum
739 4300 947 4364 etmalorum
962 4299 1161 4383 subiugatos
