<?xml version="1.0" encoding="UTF-8"?>
<!DOCTYPE html PUBLIC "-//W3C//DTD XHTML 1.0 Transitional//EN"
    "http://www.w3.org/TR/xhtml1/DTD/xhtml1-transitional.dtd">
<html xmlns="http://www.w3.org/1999/xhtml" xml:lang="en" lang="en">
 <head>
  <title>
</title>
<meta http-equiv="Content-Type" content="text/html;charset=utf-8" />
  <meta name='ocr-system' content='tesseract 3.04.00' />
  <meta name='ocr-capabilities' content='ocr_page ocr_carea ocr_par ocr_line ocrx_word'/>
</head>
<body>
  <div class='ocr_page' id='page_1' title='image "./decatullitibull00teufgoog_0019.png"; bbox 0 0 2566 4762; ppageno 0'>
   <div class='ocr_carea' id='block_1_1' title="bbox 495 211 709 276">
    <p class='ocr_par' dir='ltr' id='par_1_1' title="bbox 495 211 709 276">
     <span class='ocr_line' id='line_1_1' title="bbox 495 211 709 276; baseline -0.009 -12"><span class='ocrx_word' id='word_1_1' title='bbox 495 211 709 276; x_wconf 66' lang='lat'>...16-</span> 
     </span>
    </p>
   </div>
   <div class='ocr_carea' id='block_1_2' title="bbox 4 406 1141 4432">
    <p class='ocr_par' dir='ltr' id='par_1_2' title="bbox 64 406 1141 1006">
     <span class='ocr_line' id='line_1_2' title="bbox 68 406 1140 494; baseline -0.002 -21"><span class='ocrx_word' id='word_1_2' title='bbox 68 430 125 474; x_wconf 88' lang='lat' dir='ltr'>sus</span> <span class='ocrx_word' id='word_1_3' title='bbox 148 406 371 472; x_wconf 84' lang='lat' dir='ltr'>difficultatem</span> <span class='ocrx_word' id='word_1_4' title='bbox 395 408 607 491; x_wconf 75' lang='lat' dir='ltr'>conabantur,</span> <span class='ocrx_word' id='word_1_5' title='bbox 632 426 823 494; x_wconf 74' lang='lat' dir='ltr'>percensere</span> <span class='ocrx_word' id='word_1_6' title='bbox 847 407 1025 471; x_wconf 76' lang='lat' dir='ltr'><strong>accuratius</strong></span> <span class='ocrx_word' id='word_1_7' title='bbox 1048 406 1140 490; x_wconf 76' lang='lat' dir='ltr'>nolo,</span> 
     </span>
     <span class='ocr_line' id='line_1_3' title="bbox 66 513 1139 599; baseline 0 -21"><span class='ocrx_word' id='word_1_8' title='bbox 66 514 147 579; x_wconf 91' lang='lat' dir='ltr'>illud</span> <span class='ocrx_word' id='word_1_9' title='bbox 170 534 417 579; x_wconf 83' lang='lat' dir='ltr'>commemorare</span> <span class='ocrx_word' id='word_1_10' title='bbox 431 516 510 580; x_wconf 90' lang='lat' dir='ltr'>satis</span> <span class='ocrx_word' id='word_1_11' title='bbox 525 515 637 599; x_wconf 89' lang='lat' dir='ltr'>habeo,</span> <span class='ocrx_word' id='word_1_12' title='bbox 668 514 819 581; x_wconf 90' lang='lat' dir='ltr'>Vossium</span> <span class='ocrx_word' id='word_1_13' title='bbox 843 513 937 578; x_wconf 88' lang='lat' dir='ltr'>solita</span> <span class='ocrx_word' id='word_1_14' title='bbox 948 514 1139 580; x_wconf 85' lang='lat' dir='ltr'>infelicitate</span> 
     </span>
     <span class='ocr_line' id='line_1_4' title="bbox 66 620 1138 708; baseline 0.001 -23"><span class='ocrx_word' id='word_1_15' title='bbox 66 621 242 686; x_wconf 86' lang='lat' dir='ltr'>coniecisse</span> <span class='ocrx_word' id='word_1_16' title='bbox 276 621 533 707; x_wconf 90' lang='lat' dir='ltr'>salapittium</span> <span class='ocrx_word' id='word_1_17' title='bbox 572 623 652 708; x_wconf 85' lang='lat' dir='ltr'>(vid.</span> <span class='ocrx_word' id='word_1_18' title='bbox 677 622 779 708; x_wconf 91' lang='lat' dir='ltr'>ipsius</span> <span class='ocrx_word' id='word_1_19' title='bbox 815 620 940 686; x_wconf 85' lang='lat' dir='ltr'>observ.</span> <span class='ocrx_word' id='word_1_20' title='bbox 975 623 1036 686; x_wconf 90' lang='grc'>118</span> <span class='ocrx_word' id='word_1_21' title='bbox 1063 621 1138 708; x_wconf 90' lang='lat' dir='ltr'>sq.),</span> 
     </span>
     <span class='ocr_line' id='line_1_5' title="bbox 68 726 1140 815; baseline -0.001 -23"><span class='ocrx_word' id='word_1_22' title='bbox 68 726 260 792; x_wconf 79' lang='lat' dir='ltr'>Salmasium</span> <span class='ocrx_word' id='word_1_23' title='bbox 284 729 418 792; x_wconf 84' lang='lat' dir='ltr'>exercit.</span> <span class='ocrx_word' id='word_1_24' title='bbox 441 730 526 794; x_wconf 91' lang='lat' dir='ltr'>Plin.</span> <span class='ocrx_word' id='word_1_25' title='bbox 543 729 569 812; x_wconf 96' lang='grc' dir='ltr'>Ι,</span> <span class='ocrx_word' id='word_1_26' title='bbox 593 729 659 796; x_wconf 87' lang='grc'>506</span> <span class='ocrx_word' id='word_1_27' title='bbox 682 729 965 815; x_wconf 85' lang='lat' dir='ltr'>salopugium.</span> <span class='ocrx_word' id='word_1_28' title='bbox 1000 727 1140 814; x_wconf 86' lang='lat' dir='ltr'>Vulpius</span> 
     </span>
     <span class='ocr_line' id='line_1_6' title="bbox 67 833 1141 922; baseline 0 -24"><span class='ocrx_word' id='word_1_29' title='bbox 67 855 109 899; x_wconf 89' lang='lat' dir='ltr'>ne</span> <span class='ocrx_word' id='word_1_30' title='bbox 143 834 227 898; x_wconf 89' lang='grc'><strong>15515</strong></span> <span class='ocrx_word' id='word_1_31' title='bbox 263 833 414 919; x_wconf 91' lang='lat' dir='ltr'>quidem,</span> <span class='ocrx_word' id='word_1_32' title='bbox 452 841 488 899; x_wconf 84' lang='lat' dir='ltr'>ut</span> <span class='ocrx_word' id='word_1_33' title='bbox 531 835 669 920; x_wconf 88' lang='lat' dir='ltr'>videtur,</span> <span class='ocrx_word' id='word_1_34' title='bbox 704 835 860 922; x_wconf 79' lang='lat' dir='ltr'>Sceligeri</span> <span class='ocrx_word' id='word_1_35' title='bbox 910 836 1141 900; x_wconf 87' lang='lat' dir='ltr'>commentario</span> 
     </span>
     <span class='ocr_line' id='line_1_7' title="bbox 64 940 605 1006; baseline 0 -1"><span class='ocrx_word' id='word_1_36' title='bbox 64 940 203 1005; x_wconf 87' lang='lat' dir='ltr'>Manutii</span> <span class='ocrx_word' id='word_1_37' title='bbox 225 941 443 1005; x_wconf 88' lang='lat' dir='ltr'>coniecturam</span> <span class='ocrx_word' id='word_1_38' title='bbox 464 942 605 1006; x_wconf 90' lang='lat' dir='ltr'>retinuit.</span> 
     </span>
    </p>

    <p class='ocr_par' dir='ltr' id='par_1_3' title="bbox 66 1046 1139 1454">
     <span class='ocr_line' id='line_1_8' title="bbox 173 1046 1139 1133; baseline 0.002 -23"><span class='ocrx_word' id='word_1_39' title='bbox 173 1046 249 1111; x_wconf 81' lang='lat' dir='ltr'>dam</span> <span class='ocrx_word' id='word_1_40' title='bbox 285 1046 326 1111; x_wconf 87' lang='lat' dir='ltr'>ad</span> <span class='ocrx_word' id='word_1_41' title='bbox 360 1068 400 1112; x_wconf 94' lang='lat' dir='ltr'>ea</span> <span class='ocrx_word' id='word_1_42' title='bbox 434 1047 637 1113; x_wconf 83' lang='lat' dir='ltr'>substantiva</span> <span class='ocrx_word' id='word_1_43' title='bbox 672 1054 820 1132; x_wconf 89' lang='lat' dir='ltr'>transeo,</span> <span class='ocrx_word' id='word_1_44' title='bbox 855 1069 937 1133; x_wconf 89' lang='lat' dir='ltr'>quae</span> <span class='ocrx_word' id='word_1_45' title='bbox 967 1047 1139 1113; x_wconf 84' lang='lat' dir='ltr'>aOatullo</span> 
     </span>
     <span class='ocr_line' id='line_1_9' title="bbox 66 1153 1136 1241; baseline 0.002 -25"><span class='ocrx_word' id='word_1_46' title='bbox 66 1159 122 1217; x_wconf 88' lang='lat' dir='ltr'>aut</span> <span class='ocrx_word' id='word_1_47' title='bbox 159 1154 232 1218; x_wconf 88' lang='lat' dir='ltr'>ficta</span> <span class='ocrx_word' id='word_1_48' title='bbox 269 1160 343 1218; x_wconf 89' lang='lat' dir='ltr'>sunt</span> <span class='ocrx_word' id='word_1_49' title='bbox 378 1163 434 1220; x_wconf 92' lang='lat' dir='ltr'>aut</span> <span class='ocrx_word' id='word_1_50' title='bbox 469 1162 555 1220; x_wconf 90' lang='lat' dir='ltr'>certe</span> <span class='ocrx_word' id='word_1_51' title='bbox 593 1156 668 1220; x_wconf 90' lang='lat' dir='ltr'>ficta</span> <span class='ocrx_word' id='word_1_52' title='bbox 699 1176 768 1220; x_wconf 88' lang='lat' dir='ltr'>esse</span> <span class='ocrx_word' id='word_1_53' title='bbox 798 1159 942 1241; x_wconf 80' lang='lat' dir='ltr'>possunt.</span> <span class='ocrx_word' id='word_1_54' title='bbox 989 1153 1136 1229; x_wconf 80' lang='lat' dir='ltr'>Quorum</span> 
     </span>
     <span class='ocr_line' id='line_1_10' title="bbox 66 1259 1139 1352; baseline 0.001 -29"><span class='ocrx_word' id='word_1_55' title='bbox 66 1259 169 1352; x_wconf 85' lang='lat' dir='ltr'>primo</span> <span class='ocrx_word' id='word_1_56' title='bbox 191 1260 264 1324; x_wconf 90' lang='grc'><strong>1555</strong></span> <span class='ocrx_word' id='word_1_57' title='bbox 278 1282 400 1347; x_wconf 91' lang='lat' dir='ltr'>ponam</span> <span class='ocrx_word' id='word_1_58' title='bbox 422 1260 631 1345; x_wconf 87' lang='lat' dir='ltr'>deminutiva,</span> <span class='ocrx_word' id='word_1_59' title='bbox 646 1262 747 1326; x_wconf 90' lang='lat' dir='ltr'>altero</span> <span class='ocrx_word' id='word_1_60' title='bbox 768 1260 971 1326; x_wconf 83' lang='lat' dir='ltr'>substantiva</span> <span class='ocrx_word' id='word_1_61' title='bbox 987 1260 1139 1325; x_wconf 80' lang='lat' dir='ltr'>verbalia</span> 
     </span>
     <span class='ocr_line' id='line_1_11' title="bbox 66 1365 898 1454; baseline 0.004 -25"><span class='ocrx_word' id='word_1_62' title='bbox 66 1365 101 1429; x_wconf 90' lang='lat' dir='ltr'>in</span> <span class='ocrx_word' id='word_1_63' title='bbox 124 1367 234 1431; x_wconf 82' lang='lat' dir='ltr'>-tio</span> <span class='ocrx_word' id='word_1_64' title='bbox 258 1372 292 1431; x_wconf 91' lang='grc'>51</span> <span class='ocrx_word' id='word_1_65' title='bbox 315 1407 358 1416; x_wconf 91' lang='lat'>-</span> <span class='ocrx_word' id='word_1_66' title='bbox 382 1373 431 1433; x_wconf 89' lang='grc'>151</span> <span class='ocrx_word' id='word_1_67' title='bbox 453 1369 618 1452; x_wconf 81' lang='lat' dir='ltr'>exeuntia,</span> <span class='ocrx_word' id='word_1_68' title='bbox 642 1369 737 1433; x_wconf 87' lang='lat' dir='ltr'>tertio</span> <span class='ocrx_word' id='word_1_69' title='bbox 762 1368 898 1454; x_wconf 87' lang='lat' dir='ltr'>reliqua.</span> 
     </span>
    </p>

    <p class='ocr_par' dir='ltr' id='par_1_4' title="bbox 26 1470 1139 1666">
     <span class='ocr_line' id='line_1_12' title="bbox 173 1470 1139 1561; baseline 0.003 -26"><span class='ocrx_word' id='word_1_70' title='bbox 173 1470 223 1536; x_wconf 84' lang='lat' dir='ltr'>Ac</span> <span class='ocrx_word' id='word_1_71' title='bbox 245 1473 443 1539; x_wconf 86' lang='lat' dir='ltr'>deminutiva</span> <span class='ocrx_word' id='word_1_72' title='bbox 465 1475 597 1561; x_wconf 89' lang='lat' dir='ltr'>quidem</span> <span class='ocrx_word' id='word_1_73' title='bbox 620 1474 709 1560; x_wconf 89' lang='lat' dir='ltr'>apud</span> <span class='ocrx_word' id='word_1_74' title='bbox 730 1476 835 1540; x_wconf 90' lang='lat' dir='ltr'>solum</span> <span class='ocrx_word' id='word_1_75' title='bbox 855 1473 1017 1539; x_wconf 80' lang='lat' dir='ltr'>Catullum</span> <span class='ocrx_word' id='word_1_76' title='bbox 1039 1479 1073 1539; x_wconf 88' lang='lat' dir='ltr'>et</span> <span class='ocrx_word' id='word_1_77' title='bbox 1088 1473 1139 1538; x_wconf 92' lang='lat' dir='ltr'>in-</span> 
     </span>
     <span class='ocr_line' id='line_1_13' title="bbox 26 1576 1047 1666; baseline 0.003 -26"><span class='ocrx_word' id='word_1_78' title='bbox 26 1580 31 1611; x_wconf 62' lang='lat'><em>&lt;</em></span> <span class='ocrx_word' id='word_1_79' title='bbox 65 1576 161 1641; x_wconf 88' lang='lat' dir='ltr'>fimae</span> <span class='ocrx_word' id='word_1_80' title='bbox 185 1581 297 1643; x_wconf 87' lang='lat' dir='ltr'>aetatis</span> <span class='ocrx_word' id='word_1_81' title='bbox 320 1580 494 1666; x_wconf 88' lang='lat' dir='ltr'>scriptores</span> <span class='ocrx_word' id='word_1_82' title='bbox 519 1580 620 1645; x_wconf 90' lang='lat' dir='ltr'>semel</span> <span class='ocrx_word' id='word_1_83' title='bbox 642 1579 733 1645; x_wconf 84' lang='lat' dir='ltr'>bisve</span> <span class='ocrx_word' id='word_1_84' title='bbox 757 1585 929 1645; x_wconf 90' lang='lat' dir='ltr'>occurrunt</span> <span class='ocrx_word' id='word_1_85' title='bbox 951 1581 1047 1644; x_wconf 91' lang='lat' dir='ltr'>baec:</span> 
     </span>
    </p>

    <p class='ocr_par' dir='ltr' id='par_1_5' title="bbox 2 1684 1139 2836">
     <span class='ocr_line' id='line_1_14' title="bbox 154 1684 1138 1770; baseline 0.004 -24"><span class='ocrx_word' id='word_1_86' title='bbox 154 1684 418 1752; x_wconf 90' lang='lat' dir='ltr'>brachiolum</span> <span class='ocrx_word' id='word_1_87' title='bbox 442 1684 570 1770; x_wconf 67' lang='grc'><strong>61171</strong></span> <span class='ocrx_word' id='word_1_88' title='bbox 588 1686 679 1749; x_wconf 90' lang='lat' dir='ltr'>mitte</span> <span class='ocrx_word' id='word_1_89' title='bbox 694 1685 897 1751; x_wconf 90' lang='lat' dir='ltr'>brachiolum</span> <span class='ocrx_word' id='word_1_90' title='bbox 912 1684 1021 1750; x_wconf 90' lang='lat' dir='ltr'>teres’.</span> <span class='ocrx_word' id='word_1_91' title='bbox 1044 1684 1138 1750; x_wconf 90' lang='lat' dir='ltr'>Idem</span> 
     </span>
     <span class='ocr_line' id='line_1_15' title="bbox 58 1790 1138 1877; baseline 0.002 -23"><span class='ocrx_word' id='word_1_92' title='bbox 58 1810 183 1854; x_wconf 85' lang='lat' dir='ltr'>nomen</span> <span class='ocrx_word' id='word_1_93' title='bbox 204 1792 389 1856; x_wconf 88' lang='lat' dir='ltr'>musculum</span> <span class='ocrx_word' id='word_1_94' title='bbox 414 1790 573 1876; x_wconf 90' lang='lat' dir='ltr'>quendam</span> <span class='ocrx_word' id='word_1_95' title='bbox 588 1791 792 1876; x_wconf 78' lang='lat' dir='ltr'>significabat</span> <span class='ocrx_word' id='word_1_96' title='bbox 807 1793 842 1857; x_wconf 90' lang='lat' dir='ltr'>in</span> <span class='ocrx_word' id='word_1_97' title='bbox 857 1811 990 1877; x_wconf 89' lang='lat' dir='ltr'>corpore</span> <span class='ocrx_word' id='word_1_98' title='bbox 1007 1791 1138 1877; x_wconf 84' lang='lat' dir='ltr'>equino.</span> 
     </span>
     <span class='ocr_line' id='line_1_16' title="bbox 65 1895 1139 1984; baseline 0.002 -22"><span class='ocrx_word' id='word_1_99' title='bbox 65 1896 180 1983; x_wconf 88' lang='lat' dir='ltr'>Veget.</span> <span class='ocrx_word' id='word_1_100' title='bbox 214 1898 348 1963; x_wconf 91' lang='lat' dir='ltr'>veterin.</span> <span class='ocrx_word' id='word_1_101' title='bbox 376 1900 404 1982; x_wconf 88' lang='lat'>1,</span> <span class='ocrx_word' id='word_1_102' title='bbox 429 1900 482 1981; x_wconf 84' lang='grc'>25,</span> <span class='ocrx_word' id='word_1_103' title='bbox 507 1899 546 1962; x_wconf 81' lang='lat'>4:</span> <span class='ocrx_word' id='word_1_104' title='bbox 580 1895 697 1983; x_wconf 90' lang='lat' dir='ltr'>quibus</span> <span class='ocrx_word' id='word_1_105' title='bbox 731 1904 838 1962; x_wconf 91' lang='lat' dir='ltr'>autem</span> <span class='ocrx_word' id='word_1_106' title='bbox 872 1897 982 1984; x_wconf 91' lang='lat' dir='ltr'>pulmo</span> <span class='ocrx_word' id='word_1_107' title='bbox 1019 1903 1070 1963; x_wconf 88' lang='lat' dir='ltr'>est</span> <span class='ocrx_word' id='word_1_108' title='bbox 1103 1900 1139 1964; x_wconf 92' lang='lat' dir='ltr'>in</span> 
     </span>
     <span class='ocr_line' id='line_1_17' title="bbox 67 2005 1138 2091; baseline 0 -23"><span class='ocrx_word' id='word_1_109' title='bbox 67 2024 164 2069; x_wconf 89' lang='lat' dir='ltr'>causa</span> <span class='ocrx_word' id='word_1_110' title='bbox 198 2005 251 2070; x_wconf 90' lang='lat' dir='ltr'>vel</span> <span class='ocrx_word' id='word_1_111' title='bbox 279 2005 381 2088; x_wconf 89' lang='lat' dir='ltr'>iecur,</span> <span class='ocrx_word' id='word_1_112' title='bbox 410 2005 464 2070; x_wconf 91' lang='lat' dir='ltr'>vel</span> <span class='ocrx_word' id='word_1_113' title='bbox 488 2009 607 2089; x_wconf 89' lang='lat' dir='ltr'>cetera,</span> <span class='ocrx_word' id='word_1_114' title='bbox 631 2025 716 2091; x_wconf 92' lang='lat' dir='ltr'>quae</span> <span class='ocrx_word' id='word_1_115' title='bbox 739 2005 790 2070; x_wconf 93' lang='lat' dir='ltr'>his</span> <span class='ocrx_word' id='word_1_116' title='bbox 813 2005 920 2070; x_wconf 91' lang='lat' dir='ltr'>vicina</span> <span class='ocrx_word' id='word_1_117' title='bbox 943 2008 1017 2068; x_wconf 88' lang='lat' dir='ltr'>sunt</span> <span class='ocrx_word' id='word_1_118' title='bbox 1038 2024 1138 2068; x_wconf 88' lang='lat' dir='ltr'>mem-</span> 
     </span>
     <span class='ocr_line' id='line_1_18' title="bbox 65 2109 1139 2199; baseline 0.002 -25"><span class='ocrx_word' id='word_1_119' title='bbox 65 2109 141 2195; x_wconf 85' lang='lat' dir='ltr'>bris,</span> <span class='ocrx_word' id='word_1_120' title='bbox 175 2111 216 2176; x_wconf 93' lang='lat' dir='ltr'>de</span> <span class='ocrx_word' id='word_1_121' title='bbox 238 2116 368 2199; x_wconf 82' lang='lat' dir='ltr'>pectore</span> <span class='ocrx_word' id='word_1_122' title='bbox 402 2111 594 2176; x_wconf 88' lang='lat' dir='ltr'>minuendus</span> <span class='ocrx_word' id='word_1_123' title='bbox 628 2117 679 2176; x_wconf 87' lang='lat' dir='ltr'>ast</span> <span class='ocrx_word' id='word_1_124' title='bbox 713 2111 771 2194; x_wconf 89' lang='grc'><strong>(55.</strong></span> <span class='ocrx_word' id='word_1_125' title='bbox 789 2111 946 2197; x_wconf 84' lang='lat' dir='ltr'>sanguis)</span> <span class='ocrx_word' id='word_1_126' title='bbox 970 2130 1011 2173; x_wconf 87' lang='lat' dir='ltr'>ex</span> <span class='ocrx_word' id='word_1_127' title='bbox 1034 2111 1139 2197; x_wconf 90' lang='lat' dir='ltr'>venis,</span> 
     </span>
     <span class='ocr_line' id='line_1_19' title="bbox 66 2214 1139 2305; baseline 0.001 -23"><span class='ocrx_word' id='word_1_128' title='bbox 66 2237 149 2304; x_wconf 88' lang='lat' dir='ltr'>quae</span> <span class='ocrx_word' id='word_1_129' title='bbox 177 2219 282 2305; x_wconf 88' lang='lat' dir='ltr'>posita</span> <span class='ocrx_word' id='word_1_130' title='bbox 312 2225 388 2285; x_wconf 88' lang='lat' dir='ltr'>sunt</span> <span class='ocrx_word' id='word_1_131' title='bbox 415 2217 449 2281; x_wconf 94' lang='lat' dir='ltr'>in</span> <span class='ocrx_word' id='word_1_132' title='bbox 471 2217 589 2283; x_wconf 84' lang='lat' dir='ltr'>dextra</span> <span class='ocrx_word' id='word_1_133' title='bbox 612 2239 650 2282; x_wconf 89' lang='lat' dir='ltr'>ac</span> <span class='ocrx_word' id='word_1_134' title='bbox 672 2216 812 2300; x_wconf 89' lang='lat' dir='ltr'>sinistra,</span> <span class='ocrx_word' id='word_1_135' title='bbox 836 2214 892 2280; x_wconf 91' lang='lat' dir='ltr'>ubi</span> <span class='ocrx_word' id='word_1_136' title='bbox 914 2216 1139 2283; x_wconf 87' lang='lat' dir='ltr'>brachiola</span> 
     </span>
     <span class='ocr_line' id='line_1_20' title="bbox 65 2322 1135 2411; baseline 0.003 -25.833"><span class='ocrx_word' id='word_1_137' title='bbox 65 2325 302 2411; x_wconf 88' lang='lat' dir='ltr'>coniunguntur</span> <span class='ocrx_word' id='word_1_138' title='bbox 324 2331 358 2392; x_wconf 89' lang='grc'>51</span> <span class='ocrx_word' id='word_1_139' title='bbox 379 2325 505 2389; x_wconf 86' lang='lat' dir='ltr'>flexura</span> <span class='ocrx_word' id='word_1_140' title='bbox 527 2324 573 2407; x_wconf 88' lang='lat' dir='ltr'>fit,</span> <span class='ocrx_word' id='word_1_141' title='bbox 589 2344 662 2388; x_wconf 89' lang='lat' dir='ltr'>cum</span> <span class='ocrx_word' id='word_1_142' title='bbox 686 2343 793 2387; x_wconf 84' lang='lat' dir='ltr'>armus</span> <span class='ocrx_word' id='word_1_143' title='bbox 813 2322 967 2408; x_wconf 83' lang='lat' dir='ltr'>plicatur’.</span> <span class='ocrx_word' id='word_1_144' title='bbox 992 2323 1135 2389; x_wconf 82' lang='lat' dir='ltr'>Tertiam</span> 
     </span>
     <span class='ocr_line' id='line_1_21' title="bbox 4 2429 1133 2517; baseline 0.001 -23"><span class='ocrx_word' id='word_1_145' title='bbox 4 2467 34 2517; x_wconf 86' lang='lat'>.:</span> <span class='ocrx_word' id='word_1_146' title='bbox 65 2431 229 2496; x_wconf 84' lang='lat' dir='ltr'>notionem</span> <span class='ocrx_word' id='word_1_147' title='bbox 263 2431 363 2497; x_wconf 83' lang='lat' dir='ltr'>habes</span> <span class='ocrx_word' id='word_1_148' title='bbox 397 2432 429 2495; x_wconf 91' lang='lat' dir='ltr'>in</span> <span class='ocrx_word' id='word_1_149' title='bbox 452 2431 584 2515; x_wconf 83' lang='lat' dir='ltr'>vulgata</span> <span class='ocrx_word' id='word_1_150' title='bbox 606 2430 667 2515; x_wconf 90' lang='lat' dir='ltr'>(II.</span> <span class='ocrx_word' id='word_1_151' title='bbox 692 2429 801 2495; x_wconf 89' lang='lat' dir='ltr'>chron.</span> <span class='ocrx_word' id='word_1_152' title='bbox 826 2431 857 2514; x_wconf 90' lang='grc'>9,</span> <span class='ocrx_word' id='word_1_153' title='bbox 883 2429 939 2516; x_wconf 90' lang='lat'>18)</span> <span class='ocrx_word' id='word_1_154' title='bbox 961 2429 1133 2495; x_wconf 88' lang='lat' dir='ltr'>brachiola</span> 
     </span>
     <span class='ocr_line' id='line_1_22' title="bbox 66 2536 1138 2623; baseline 0.002 -22.887"><span class='ocrx_word' id='word_1_155' title='bbox 66 2536 127 2602; x_wconf 92' lang='lat' dir='ltr'>duo</span> <span class='ocrx_word' id='word_1_156' title='bbox 161 2538 355 2604; x_wconf 89' lang='lat' dir='ltr'>altrinsecus</span> <span class='ocrx_word' id='word_1_157' title='bbox 390 2538 448 2623; x_wconf 90' lang='lat' dir='ltr'>(sc.</span> <span class='ocrx_word' id='word_1_158' title='bbox 483 2536 574 2622; x_wconf 84' lang='lat' dir='ltr'>solii)</span> <span class='ocrx_word' id='word_1_159' title='bbox 604 2542 637 2601; x_wconf 92' lang='lat' dir='ltr'>et</span> <span class='ocrx_word' id='word_1_160' title='bbox 661 2536 739 2601; x_wconf 89' lang='lat' dir='ltr'>duos</span> <span class='ocrx_word' id='word_1_161' title='bbox 761 2536 871 2601; x_wconf 90' lang='lat' dir='ltr'>leones</span> <span class='ocrx_word' id='word_1_162' title='bbox 896 2542 1019 2601; x_wconf 88' lang='lat' dir='ltr'>stantes</span> <span class='ocrx_word' id='word_1_163' title='bbox 1041 2538 1138 2602; x_wconf 84' lang='lat' dir='ltr'>iuxta</span> 
     </span>
     <span class='ocr_line' id='line_1_23' title="bbox 65 2641 1138 2730; baseline -0.002 -20.111"><span class='ocrx_word' id='word_1_164' title='bbox 65 2641 239 2728; x_wconf 89' lang='lat' dir='ltr'>brachiola,</span> <span class='ocrx_word' id='word_1_165' title='bbox 273 2645 328 2710; x_wconf 92' lang='lat' dir='ltr'>ubi</span> <span class='ocrx_word' id='word_1_166' title='bbox 358 2644 433 2710; x_wconf 90' lang='lat' dir='ltr'>solii</span> <span class='ocrx_word' id='word_1_167' title='bbox 454 2665 529 2730; x_wconf 89' lang='lat' dir='ltr'>pars</span> <span class='ocrx_word' id='word_1_168' title='bbox 553 2663 601 2726; x_wconf 89' lang='lat' dir='ltr'>ea,</span> <span class='ocrx_word' id='word_1_169' title='bbox 624 2664 687 2729; x_wconf 87' lang='lat' dir='ltr'>qua</span> <span class='ocrx_word' id='word_1_170' title='bbox 710 2642 857 2707; x_wconf 85' lang='lat' dir='ltr'>nituntur</span> <span class='ocrx_word' id='word_1_171' title='bbox 879 2641 1013 2709; x_wconf 87' lang='lat' dir='ltr'>brachia</span> <span class='ocrx_word' id='word_1_172' title='bbox 1036 2643 1138 2730; x_wconf 84' lang='lat' dir='ltr'>(Leb-</span> 
     </span>
     <span class='ocr_line' id='line_1_24' title="bbox 65 2749 461 2836; baseline 0 -23"><span class='ocrx_word' id='word_1_173' title='bbox 65 2753 146 2836; x_wconf 85' lang='lat' dir='ltr'>nen)</span> <span class='ocrx_word' id='word_1_174' title='bbox 168 2749 387 2835; x_wconf 85' lang='lat' dir='ltr'>intellegenda</span> <span class='ocrx_word' id='word_1_175' title='bbox 403 2755 461 2814; x_wconf 89' lang='grc'><strong>551.</strong></span> 
     </span>
    </p>

    <p class='ocr_par' dir='ltr' id='par_1_6' title="bbox 172 2855 1067 2943">
     <span class='ocr_line' id='line_1_25' title="bbox 172 2855 1067 2943; baseline 0.001 -22"><span class='ocrx_word' id='word_1_176' title='bbox 172 2857 342 2923; x_wconf 82' lang='grc'><strong>15115115</strong></span> <span class='ocrx_word' id='word_1_177' title='bbox 366 2859 418 2941; x_wconf 90' lang='grc'>55,</span> <span class='ocrx_word' id='word_1_178' title='bbox 443 2858 460 2920; x_wconf 81' lang='grc'>7</span> <span class='ocrx_word' id='word_1_179' title='bbox 484 2856 630 2921; x_wconf 89' lang='lat' dir='ltr'>femellas</span> <span class='ocrx_word' id='word_1_180' title='bbox 654 2877 774 2940; x_wconf 89' lang='lat' dir='ltr'>omnes,</span> <span class='ocrx_word' id='word_1_181' title='bbox 799 2855 911 2940; x_wconf 88' lang='lat' dir='ltr'>amice,</span> <span class='ocrx_word' id='word_1_182' title='bbox 933 2856 1067 2943; x_wconf 89' lang='lat' dir='ltr'>prendi’.</span> 
     </span>
    </p>

    <p class='ocr_par' dir='ltr' id='par_1_7' title="bbox 63 2961 1137 3474">
     <span class='ocr_line' id='line_1_26' title="bbox 170 2961 1137 3046; baseline -0.001 -19"><span class='ocrx_word' id='word_1_183' title='bbox 170 2962 399 3028; x_wconf 87' lang='lat' dir='ltr'>medullula</span> <span class='ocrx_word' id='word_1_184' title='bbox 431 2962 493 3046; x_wconf 80' lang='grc'>25,</span> <span class='ocrx_word' id='word_1_185' title='bbox 522 2962 543 3028; x_wconf 82' lang='lat'><strong>2</strong></span> <span class='ocrx_word' id='word_1_186' title='bbox 572 2961 701 3025; x_wconf 91' lang='lat' dir='ltr'>mollior</span> <span class='ocrx_word' id='word_1_187' title='bbox 723 3001 766 3010; x_wconf 95' lang='lat'>—</span> <span class='ocrx_word' id='word_1_188' title='bbox 790 2962 843 3027; x_wconf 90' lang='lat' dir='ltr'>vel</span> <span class='ocrx_word' id='word_1_189' title='bbox 867 2963 990 3027; x_wconf 90' lang='lat' dir='ltr'>anseris</span> <span class='ocrx_word' id='word_1_190' title='bbox 1013 2963 1137 3027; x_wconf 89' lang='lat' dir='ltr'>medul-</span> 
     </span>
     <span class='ocr_line' id='line_1_27' title="bbox 64 3066 1134 3138; baseline 0.005 -7"><span class='ocrx_word' id='word_1_191' title='bbox 64 3068 131 3133; x_wconf 90' lang='lat' dir='ltr'>lula</span> <span class='ocrx_word' id='word_1_192' title='bbox 145 3069 198 3133; x_wconf 94' lang='lat' dir='ltr'>vel</span> <span class='ocrx_word' id='word_1_193' title='bbox 212 3070 310 3134; x_wconf 89' lang='lat' dir='ltr'>imula</span> <span class='ocrx_word' id='word_1_194' title='bbox 326 3069 468 3138; x_wconf 83' lang='lat' dir='ltr'>oricilla’.</span> <span class='ocrx_word' id='word_1_195' title='bbox 491 3067 677 3132; x_wconf 85' lang='lat' dir='ltr'>medulla</span> <span class='ocrx_word' id='word_1_196' title='bbox 693 3066 735 3132; x_wconf 90' lang='lat' dir='ltr'>V.</span> <span class='ocrx_word' id='word_1_197' title='bbox 751 3066 805 3132; x_wconf 84' lang='lat' dir='ltr'>Ad</span> <span class='ocrx_word' id='word_1_198' title='bbox 828 3070 1021 3134; x_wconf 88' lang='lat' dir='ltr'>sententiam</span> <span class='ocrx_word' id='word_1_199' title='bbox 1044 3076 1134 3136; x_wconf 92' lang='lat' dir='ltr'>recte</span> 
     </span>
     <span class='ocr_line' id='line_1_28' title="bbox 64 3174 1132 3262; baseline -0.001 -23"><span class='ocrx_word' id='word_1_200' title='bbox 64 3175 255 3262; x_wconf 87' lang='lat' dir='ltr'>interpretes</span> <span class='ocrx_word' id='word_1_201' title='bbox 279 3180 545 3262; x_wconf 89' lang='lat' dir='ltr'>comparaverunt</span> <span class='ocrx_word' id='word_1_202' title='bbox 567 3174 647 3239; x_wconf 89' lang='lat' dir='ltr'>illud</span> <span class='ocrx_word' id='word_1_203' title='bbox 669 3175 704 3239; x_wconf 91' lang='lat' dir='ltr'>in</span> <span class='ocrx_word' id='word_1_204' title='bbox 719 3174 868 3262; x_wconf 79' lang='lat' dir='ltr'>Priapeia</span> <span class='ocrx_word' id='word_1_205' title='bbox 893 3175 946 3259; x_wconf 88' lang='grc'>64,</span> <span class='ocrx_word' id='word_1_206' title='bbox 967 3175 1132 3260; x_wconf 86' lang='lat' dir='ltr'>lquidam</span> 
     </span>
     <span class='ocr_line' id='line_1_29' title="bbox 63 3282 1131 3348; baseline 0.001 -2"><span class='ocrx_word' id='word_1_207' title='bbox 63 3282 190 3347; x_wconf 91' lang='lat' dir='ltr'>mollior</span> <span class='ocrx_word' id='word_1_208' title='bbox 225 3283 350 3348; x_wconf 88' lang='lat' dir='ltr'>anseris</span> <span class='ocrx_word' id='word_1_209' title='bbox 372 3283 515 3347; x_wconf 91' lang='lat' dir='ltr'>medulla</span> <span class='ocrx_word' id='word_1_210' title='bbox 549 3321 592 3332; x_wconf 86' lang='lat'>-</span> <span class='ocrx_word' id='word_1_211' title='bbox 626 3283 769 3346; x_wconf 88' lang='lat' dir='ltr'>furatum</span> <span class='ocrx_word' id='word_1_212' title='bbox 801 3282 892 3347; x_wconf 91' lang='lat' dir='ltr'>venit</span> <span class='ocrx_word' id='word_1_213' title='bbox 921 3282 985 3346; x_wconf 91' lang='lat' dir='ltr'>huc</span> <span class='ocrx_word' id='word_1_214' title='bbox 1018 3303 1131 3347; x_wconf 91' lang='lat' dir='ltr'>amore</span> 
     </span>
     <span class='ocr_line' id='line_1_30' title="bbox 64 3389 207 3474; baseline 0.007 -21"><span class='ocrx_word' id='word_1_215' title='bbox 64 3389 207 3474; x_wconf 62' lang='lat' dir='ltr'>poenae!</span> 
     </span>
    </p>

    <p class='ocr_par' dir='ltr' id='par_1_8' title="bbox 60 3493 1135 4432">
     <span class='ocr_line' id='line_1_31' title="bbox 171 3493 1133 3582; baseline 0 -24"><span class='ocrx_word' id='word_1_216' title='bbox 171 3494 213 3559; x_wconf 90' lang='lat' dir='ltr'>ib.</span> <span class='ocrx_word' id='word_1_217' title='bbox 245 3494 421 3560; x_wconf 88' lang='lat' dir='ltr'>oricilla</span> <span class='ocrx_word' id='word_1_218' title='bbox 450 3494 534 3582; x_wconf 90' lang='lat' dir='ltr'>quod</span> <span class='ocrx_word' id='word_1_219' title='bbox 557 3493 741 3581; x_wconf 78' lang='lat' dir='ltr'>Scaligerus</span> <span class='ocrx_word' id='word_1_220' title='bbox 765 3495 908 3562; x_wconf 86' lang='lat' dir='ltr'>restituit</span> <span class='ocrx_word' id='word_1_221' title='bbox 930 3516 987 3580; x_wconf 90' lang='lat' dir='ltr'>pro</span> <span class='ocrx_word' id='word_1_222' title='bbox 1009 3494 1133 3560; x_wconf 90' lang='lat' dir='ltr'>Veron.</span> 
     </span>
     <span class='ocr_line' id='line_1_32' title="bbox 65 3599 1129 3686; baseline -0.001 -22"><span class='ocrx_word' id='word_1_223' title='bbox 65 3599 223 3685; x_wconf 86' lang='lat' dir='ltr'>scriptura</span> <span class='ocrx_word' id='word_1_224' title='bbox 244 3601 479 3686; x_wconf 86' lang='lat' dir='ltr'>morieilla,</span> <span class='ocrx_word' id='word_1_225' title='bbox 513 3603 548 3666; x_wconf 93' lang='lat' dir='ltr'>in</span> <span class='ocrx_word' id='word_1_226' title='bbox 571 3623 683 3667; x_wconf 91' lang='lat' dir='ltr'>eorum</span> <span class='ocrx_word' id='word_1_227' title='bbox 707 3608 757 3667; x_wconf 93' lang='lat' dir='ltr'>est</span> <span class='ocrx_word' id='word_1_228' title='bbox 780 3623 912 3667; x_wconf 90' lang='lat' dir='ltr'>numero</span> <span class='ocrx_word' id='word_1_229' title='bbox 935 3599 1129 3685; x_wconf 87' lang='lat' dir='ltr'>habendum,</span> 
     </span>
     <span class='ocr_line' id='line_1_33' title="bbox 64 3703 1131 3795; baseline 0.002 -27"><span class='ocrx_word' id='word_1_230' title='bbox 64 3726 198 3790; x_wconf 90' lang='lat' dir='ltr'>quorum</span> <span class='ocrx_word' id='word_1_231' title='bbox 237 3703 400 3791; x_wconf 89' lang='lat' dir='ltr'>duplicata</span> <span class='ocrx_word' id='word_1_232' title='bbox 438 3713 487 3772; x_wconf 90' lang='lat' dir='ltr'>est</span> <span class='ocrx_word' id='word_1_233' title='bbox 526 3707 718 3791; x_wconf 90' lang='lat' dir='ltr'>deminutio,</span> <span class='ocrx_word' id='word_1_234' title='bbox 761 3728 846 3795; x_wconf 91' lang='lat' dir='ltr'>quae</span> <span class='ocrx_word' id='word_1_235' title='bbox 880 3706 1015 3792; x_wconf 87' lang='lat' dir='ltr'>collegit</span> <span class='ocrx_word' id='word_1_236' title='bbox 1050 3706 1131 3771; x_wconf 90' lang='lat' dir='ltr'>Luc.</span> 
     </span>
     <span class='ocr_line' id='line_1_34' title="bbox 63 3811 1135 3901; baseline 0.002 -25"><span class='ocrx_word' id='word_1_237' title='bbox 63 3811 240 3876; x_wconf 86' lang='lat' dir='ltr'>Muellerus</span> <span class='ocrx_word' id='word_1_238' title='bbox 264 3813 298 3876; x_wconf 93' lang='lat' dir='ltr'>in</span> <span class='ocrx_word' id='word_1_239' title='bbox 327 3814 394 3877; x_wconf 92' lang='lat' dir='ltr'>ind.</span> <span class='ocrx_word' id='word_1_240' title='bbox 419 3835 555 3898; x_wconf 87' lang='lat' dir='ltr'>gramm.</span> <span class='ocrx_word' id='word_1_241' title='bbox 579 3836 613 3901; x_wconf 85' lang='lat' dir='ltr'>p.</span> <span class='ocrx_word' id='word_1_242' title='bbox 638 3816 712 3879; x_wconf 86' lang='lat'>130.</span> <span class='ocrx_word' id='word_1_243' title='bbox 746 3813 806 3879; x_wconf 83' lang='lat' dir='ltr'>Est</span> <span class='ocrx_word' id='word_1_244' title='bbox 835 3814 922 3878; x_wconf 91' lang='lat' dir='ltr'>enim</span> <span class='ocrx_word' id='word_1_245' title='bbox 945 3813 1135 3878; x_wconf 87' lang='lat' dir='ltr'>deducenda</span> 
     </span>
     <span class='ocr_line' id='line_1_35' title="bbox 63 3918 1133 3988; baseline 0.001 -6"><span class='ocrx_word' id='word_1_246' title='bbox 63 3918 143 3983; x_wconf 90' lang='grc'><strong>11555</strong></span> <span class='ocrx_word' id='word_1_247' title='bbox 180 3939 247 3983; x_wconf 85' lang='lat' dir='ltr'>vox</span> <span class='ocrx_word' id='word_1_248' title='bbox 284 3940 305 3983; x_wconf 92' lang='lat' dir='ltr'>a</span> <span class='ocrx_word' id='word_1_249' title='bbox 341 3920 447 3984; x_wconf 89' lang='lat' dir='ltr'>forma</span> <span class='ocrx_word' id='word_1_250' title='bbox 481 3919 648 3985; x_wconf 90' lang='lat' dir='ltr'>deminuta</span> <span class='ocrx_word' id='word_1_251' title='bbox 670 3921 871 3986; x_wconf 89' lang='lat' dir='ltr'>auricula.</span> <span class='ocrx_word' id='word_1_252' title='bbox 919 3919 1133 3988; x_wconf 81' lang='grc'><strong>0515151551.</strong></span> 
     </span>
     <span class='ocr_line' id='line_1_36' title="bbox 62 4022 1134 4114; baseline 0.002 -27"><span class='ocrx_word' id='word_1_253' title='bbox 62 4022 151 4089; x_wconf 77' lang='lat' dir='ltr'>Fert.</span> <span class='ocrx_word' id='word_1_254' title='bbox 173 4047 206 4110; x_wconf 89' lang='lat' dir='ltr'>p.</span> <span class='ocrx_word' id='word_1_255' title='bbox 233 4025 305 4109; x_wconf 90' lang='grc'><strong>185,</strong></span> <span class='ocrx_word' id='word_1_256' title='bbox 330 4027 370 4089; x_wconf 95' lang='grc'>15</span> <span class='ocrx_word' id='word_1_257' title='bbox 394 4047 419 4090; x_wconf 89' lang='grc'>5.</span> <span class='ocrx_word' id='word_1_258' title='bbox 442 4046 473 4090; x_wconf 89' lang='lat' dir='ltr'>v.</span> <span class='ocrx_word' id='word_1_259' title='bbox 498 4032 600 4091; x_wconf 89' lang='grc'><strong>51515.</strong></span> <span class='ocrx_word' id='word_1_260' title='bbox 633 4032 753 4092; x_wconf 89' lang='grc'><strong>51515</strong></span> <span class='ocrx_word' id='word_1_261' title='bbox 775 4047 877 4112; x_wconf 89' lang='lat' dir='ltr'>genus</span> <span class='ocrx_word' id='word_1_262' title='bbox 899 4028 999 4114; x_wconf 82' lang='lat' dir='ltr'>piscis</span> <span class='ocrx_word' id='word_1_263' title='bbox 1023 4027 1134 4112; x_wconf 92' lang='lat' dir='ltr'>appel·</span> 
     </span>
     <span class='ocr_line' id='line_1_37' title="bbox 61 4130 1134 4219; baseline 0.002 -25"><span class='ocrx_word' id='word_1_264' title='bbox 61 4130 148 4195; x_wconf 83' lang='lat' dir='ltr'>latur</span> <span class='ocrx_word' id='word_1_265' title='bbox 183 4153 202 4196; x_wconf 93' lang='grc'>5</span> <span class='ocrx_word' id='word_1_266' title='bbox 237 4132 342 4197; x_wconf 89' lang='grc'><strong>551515</strong></span> <span class='ocrx_word' id='word_1_267' title='bbox 377 4134 457 4216; x_wconf 91' lang='lat' dir='ltr'>auri,</span> <span class='ocrx_word' id='word_1_268' title='bbox 492 4134 578 4219; x_wconf 87' lang='lat' dir='ltr'>qnod</span> <span class='ocrx_word' id='word_1_269' title='bbox 611 4134 729 4199; x_wconf 88' lang='lat' dir='ltr'>rustici</span> <span class='ocrx_word' id='word_1_270' title='bbox 765 4153 877 4199; x_wconf 89' lang='lat' dir='ltr'>oram</span> <span class='ocrx_word' id='word_1_271' title='bbox 913 4132 1073 4216; x_wconf 90' lang='lat' dir='ltr'>dicebant,</span> <span class='ocrx_word' id='word_1_272' title='bbox 1097 4138 1134 4196; x_wconf 87' lang='lat' dir='ltr'>ut</span> 
     </span>
     <span class='ocr_line' id='line_1_38' title="bbox 61 4232 1133 4314; baseline 0.001 -13"><span class='ocrx_word' id='word_1_273' title='bbox 61 4237 234 4303; x_wconf 83' lang='lat' dir='ltr'>auriculas</span> <span class='ocrx_word' id='word_1_274' title='bbox 270 4239 441 4304; x_wconf 89' lang='lat' dir='ltr'>oriculas‘.</span> <span class='ocrx_word' id='word_1_275' title='bbox 487 4239 540 4304; x_wconf 84' lang='lat' dir='ltr'>Ad</span> <span class='ocrx_word' id='word_1_276' title='bbox 574 4241 771 4306; x_wconf 87' lang='lat' dir='ltr'>sententiam</span> <span class='ocrx_word' id='word_1_277' title='bbox 806 4232 848 4304; x_wconf 89' lang='grc' dir='ltr'>51.Ι</span> <span class='ocrx_word' id='word_1_278' title='bbox 872 4239 939 4305; x_wconf 77' lang='lat' dir='ltr'>(lic.</span> <span class='ocrx_word' id='word_1_279' title='bbox 966 4238 1007 4304; x_wconf 93' lang='lat' dir='ltr'>ad</span> <span class='ocrx_word' id='word_1_280' title='bbox 1031 4237 1070 4314; x_wconf 84' lang='lat' dir='ltr'>Q.</span> <span class='ocrx_word' id='word_1_281' title='bbox 1095 4238 1133 4302; x_wconf 87' lang='lat' dir='ltr'>lr.</span> 
     </span>
     <span class='ocr_line' id='line_1_39' title="bbox 60 4342 1135 4432; baseline 0.003 -25"><span class='ocrx_word' id='word_1_282' title='bbox 60 4342 107 4427; x_wconf 95' lang='lat' dir='ltr'>II,</span> <span class='ocrx_word' id='word_1_283' title='bbox 132 4344 183 4428; x_wconf 87' lang='lat'>13,</span> <span class='ocrx_word' id='word_1_284' title='bbox 206 4347 226 4408; x_wconf 87' lang='grc'>4</span> <span class='ocrx_word' id='word_1_285' title='bbox 249 4343 316 4426; x_wconf 84' lang='lat' dir='ltr'>(ed.</span> <span class='ocrx_word' id='word_1_286' title='bbox 339 4344 453 4430; x_wconf 85' lang='lat' dir='ltr'>Klotz)</span> <span class='ocrx_word' id='word_1_287' title='bbox 476 4351 603 4412; x_wconf 86' lang='grc'><strong>515555</strong></span> <span class='ocrx_word' id='word_1_288' title='bbox 626 4346 750 4412; x_wconf 88' lang='grc'><strong>511515</strong></span> <span class='ocrx_word' id='word_1_289' title='bbox 773 4346 853 4432; x_wconf 86' lang='lat' dir='ltr'>(me)</span> <span class='ocrx_word' id='word_1_290' title='bbox 877 4346 998 4412; x_wconf 89' lang='lat' dir='ltr'>oricula</span> <span class='ocrx_word' id='word_1_291' title='bbox 1020 4346 1135 4411; x_wconf 85' lang='lat' dir='ltr'>infima</span> 
     </span>
    </p>
   </div>
   <div class='ocr_carea' id='block_1_3' title="bbox 0 0 1288 4762">
    <p class='ocr_par' dir='ltr' id='par_1_9' title="bbox 0 0 1288 4762">
     <span class='ocr_line' id='line_1_40' title="bbox 0 0 1288 4762; baseline 0 1"><span class='ocrx_word' id='word_1_292' title='bbox 0 0 1288 4762; x_wconf 95' lang='lat' dir='ltr'> </span> 
     </span>
    </p>
   </div>
  </div>
 </body>
</html>
