2566 4762
487 212 702 278 -13-

56 431 150 494 neae,
167 411 249 474 siout
259 407 453 491 umbrarum,
460 407 514 471 sed
529 407 683 471 interiora
703 426 830 490 quoque
842 405 1040 470 lineamenta
1052 404 1130 469 sori-

56 518 189 581 buntur.
203 514 313 579 Verbo
326 515 372 578 ita
384 536 461 578 usus
478 514 660 577 Pausanias
676 513 695 573 l.
707 514 759 595 28,
771 515 790 576 2
801 511 840 574 de
853 517 957 577 statua
965 511 1131 575 Minervae

56 623 105 675 καὶ
128 624 157 674 οἱ
173 620 219 673 ἐπὶ
244 623 292 692 τῆς
312 619 427 673 ἀσπίδος
450 621 591 673 Λαπιθῶν
619 616 687 692 πρὸς
711 618 882 691 Κενταὺραια
901 619 997 690 μάχην
1015 616 1061 670 καὶ
1079 614 1130 669 ὃσα

57 707 127 766 ἄλλα
147 709 224 763 ἐστὶν
244 707 452 781 ἐπειργασμένα
471 709 582 777 λέγουσι
602 708 727 780 τορεῦσαι
739 708 812 770 Μῦν,
832 709 868 777 τῷ
887 705 917 759 δὲ
929 707 1084 760 Marsuas
1102 720 1131 756 τε

56 800 104 853 καὶ
136 798 167 852 τὰ
200 797 282 852 λοιπὰ
311 800 365 852 τών
394 793 486 869 ἔργων
514 797 676 866 Παῤῥάσιον
704 796 882 869 καταγράψαι
909 794 957 848 τὸν
984 791 1131 865 Εὐήνορος.

56 889 145 953 Hine
168 901 346 972 κατάγραφος
370 887 498 950 omnino
521 887 640 949 dieitur
659 886 863 950 lineamentis
886 889 1012 948 notatus
1035 889 1132 967 atque

58 995 241 1077 distinctus,
271 1000 307 1057 ut
338 993 424 1078 apud
446 992 650 1057 Athenaeum
673 991 723 1055 IX
743 992 806 1058 387
831 990 858 1053 F
881 1001 1074 1076 (Ἀλέξανδρος
1093 1001 1133 1055 δ’ὁ

58 1114 185 1168 Μύνδιός
205 1131 293 1183 φησιν
318 1107 360 1165 ὅτι
378 1114 468 1185 μικρῷ
487 1109 541 1182 μὲν
565 1116 670 1183 μείζων
690 1109 748 1163 ἐστὶ
786 1101 845 1186 (sc.
865 1109 879 1162 ὃ
898 1099 1035 1182 ἀτταγᾶς)
1065 1110 1132 1182 πέρ-

59 1216 207 1284 δικος,ὅλος
222 1219 251 1273 δὲ
264 1222 442 1295 κατάγραφος
457 1219 490 1274 τὰ
504 1221 567 1295 περὶ
583 1220 612 1274 τὸ
625 1209 730 1293 νῶτον)
743 1214 775 1272 et
788 1207 969 1271 Lucianum
980 1204 1077 1269 Alex.
1093 1206 1131 1268 12

55 1311 179 1386 (κεφαλὴ
213 1314 358 1388 δράκοντος
393 1313 636 1390 ἇνθρωτιομορφόν
663 1333 688 1367 τι
709 1313 907 1383 ἐπιφαίνουσα,
925 1309 1132 1385 κατάγραφοςγ.

58 1401 134 1467 Non
156 1401 352 1487 temptanda
382 1404 481 1487 igitur
521 1405 661 1468 omnium
698 1403 855 1467 librorum
885 1401 999 1484 leotio,
1037 1420 1133 1484 quarn

59 1508 198 1575 eandem
226 1515 313 1573 reete
343 1511 541 1576 retinuerunt
571 1531 680 1576 omnes
716 1511 770 1595 qui
807 1509 988 1573 recentiore
1027 1511 1133 1571 aetate

59 1617 180 1684 Catulli
198 1617 342 1681 earmina
366 1618 542 1683 ediderunt.
567 1617 675 1702 Atque
698 1618 777 1681 haee
802 1615 842 1678 de
866 1614 1010 1679 Crassis.
1034 1653 1077 1660 —
1102 1651 1106 1659 ›

459 2021 516 2113 ΙΙ.
550 2020 733 2112 Latina.

468 2251 502 2301 1.
522 2247 723 2301 Nominu-

169 2429 288 2493 Latina
311 2448 502 2493 enumerans
518 2427 675 2493 voeabula
697 2428 801 2513 primo
824 2426 896 2491 loeo
919 2448 1036 2512 ponam
1060 2427 1134 2510 duo,

60 2555 145 2620 quae
183 2555 254 2598 oum
291 2557 354 2598 non
390 2534 518 2619 possint
551 2534 634 2598 ultro
665 2534 812 2617 intellegi
841 2555 904 2597 uon
928 2534 1058 2598 dubium
1083 2540 1133 2599 est

61 2643 138 2727 quin
162 2641 292 2706 aliunde
315 2643 490 2728 sumpserit
512 2641 668 2724 Catullus,
691 2661 755 2704 non
778 2641 849 2726 ipse
871 2641 1010 2705 finxerit.
1053 2641 1134 2707 Sunt

62 2755 175 2813 autem
197 2748 292 2812 haee:

169 2863 390 2949 ploxenum
426 2865 478 2946 97,
505 2864 523 2925 6
560 2862 720 2947 ,gingivas
755 2882 832 2927 vero
868 2863 1001 2948 ploxeni
1035 2865 1134 2930 habet

61 2971 201 3036 veteris.’
254 2969 406 3035 Laudant
443 2970 528 3033 huno
565 2990 693 3035 versum
732 2968 841 3042 Quint.
866 2970 892 3054 I,
923 2971 996 3053 5,8
1034 2992 1131 3035 unum

61 3077 324 3160 (barbarismum)
347 3082 443 3159 gente
473 3074 676 3160 (accipimus)
700 3077 792 3161 quale
816 3076 851 3139 fit
873 3077 900 3141 si
923 3076 993 3161 quis
1018 3074 1134 3139 Afrum

60 3185 113 3247 vel
136 3183 320 3267 Hispanum
343 3182 480 3246 Latinae
520 3182 657 3245 orationi
691 3202 809 3245 nomen
839 3182 962 3246 inserat
986 3219 1026 3229 -
1050 3181 1135 3245 siout

62 3288 209 3355 Catullus
231 3290 453 3376 ploxenum
485 3289 569 3352 eirca
591 3287 717 3352 Padum
739 3289 873 3372 invenit,
896 3288 951 3353 ubi
975 3290 1056 3354 nihil
1080 3310 1134 3353 va-

61 3396 190 3460 rietatis
223 3395 346 3460 notavit
368 3395 528 3478 Halmius,
560 3400 592 3459 et
614 3395 734 3460 Festus
757 3417 788 3481 p.
812 3396 887 3462 239.
911 3396 941 3459 b.
965 3396 1134 3482 ploxinum

63 3503 224 3589 appellari
258 3503 304 3567 ait
338 3501 485 3566 Catullus
520 3523 649 3586 oapsum
684 3502 719 3567 in
745 3503 832 3587 sisio,
856 3524 992 3590 capsave
1015 3505 1038 3587 †
1061 3524 1133 3568 oum

63 3609 166 3674 dixit:
203 3609 351 3694 gingivas
373 3628 448 3673 vero
479 3607 645 3693 ploxini
669 3608 767 3673 habet
789 3609 919 3692 veteris,
942 3609 999 3674 ubi
1023 3631 1133 3674 omnes

65 3715 156 3780 aodd.
188 3714 345 3778 Muellero
370 3718 454 3778 teste
488 3712 610 3777 habent
633 3713 713 3777 illud
735 3714 909 3800 ploxinum.
934 3754 977 3763 —
1001 3714 1051 3778 De
1075 3716 1135 3780 ori-

65 3822 140 3907 gine
176 3828 208 3886 et
237 3822 369 3885 notione
392 3819 489 3884 huius
511 3818 662 3883 vocabuli
684 3820 821 3883 multum
842 3819 1013 3904 litigabant
1036 3821 1135 3885 inter·

64 3935 181 4014 pretes.
228 3929 272 3994 Et
293 3926 410 3993 Mureti
434 3924 563 4010 quidem
597 3926 821 4011 interpretatio
844 3926 924 3989 haeo
948 3932 1011 3991 est:
1034 3932 1135 3991 trans·

11 4078 22 4171 ,
64 4033 465 4205 padanulprdvooablgrlum,
495 4030 545 4095 Eo
566 4032 793 4203 tsigntlirfioabagrt
811 4053 946 4223 to]apsaPm
971 4033 1004 4116 [i.
1021 4052 1048 4096 e.
1064 4054 1135 4118 par-

10 4174 19 4203 .·
81 4162 132 4206 em
166 4160 287 4205 reae
322 4160 378 4202 ur
414 4158 469 4221 qur
507 4158 621 4201 veoan
710 4159 744 4202 se
768 4161 809 4203 en
841 4192 845 4201 .
933 4159 1003 4203 orro
1043 4160 1135 4225 opor·

10 4310 12 4325 ,
66 4248 129 4312 tuit
156 4267 194 4311 ea
225 4246 396 4311 latitudine
421 4264 492 4309 esse
515 4244 674 4328 gingivas,
697 4244 731 4308 in
754 4246 868 4332 quibus
891 4244 1135 4330 sesquipedales

66 4355 180 4419 dentes
218 4353 399 4418 insiderent.
457 4351 623 4432 Utrunque
660 4350 788 4415 ridiculi
827 4372 924 4415 cansa
953 4357 1134 4435 ὑπερβολικῶς
