2566 4762
540 255 760 319 ..37-

111 454 233 517 clamor
255 451 453 536 plorantium
476 451 590 535 lingua
613 449 786 535 Oscorum)
811 455 862 514 est
881 451 1008 535 vagire,
1032 451 1072 514 ab
1097 439 1134 517 eo
1151 454 1186 517 fit

110 559 260 646 pipilare,
284 578 346 642 quo
371 556 516 621 Catullus
541 555 581 620 de
603 556 747 641 passeris
772 556 896 639 garritu
919 558 1036 641 utitur;
1060 564 1092 623 et
1114 559 1185 633 adu

111 665 242 730 Valent.
280 666 320 729 15
360 664 515 728 coelestes
554 662 674 727 imbres
712 662 851 748 pipiavit
889 661 1090 747 Achamoth,
1126 663 1183 727 ubi

111 771 234 836 Pamel.
247 772 343 836 haec:
367 770 487 834 Scribit
512 770 628 834 Festus
645 770 766 855 (inquit
781 771 820 833 B.
834 769 955 854 Rhea.)
970 771 1184 856 pipiationem

110 898 179 944 esse
206 878 381 942 clamorem
406 878 562 963 plorantis
585 876 699 962 lingua
722 876 891 941 Oscorum.
938 878 1086 962 Pipiauit
1109 900 1183 964 ergo

109 984 258 1049 coelestis
294 983 413 1067 imbres
448 983 489 1047 A.
514 983 536 1046 i.
565 1004 593 1047 e.
617 983 770 1068 pipiando
807 988 839 1045 et
872 983 1030 1067 plorando
1065 986 1180 1049 emisit.

109 1090 315 1159 Factititium
340 1090 471 1156 verbum
495 1098 543 1155 est
567 1112 586 1154 a
609 1112 686 1155 sono
711 1091 908 1176 plorantium
930 1091 964 1175 pi
993 1091 1036 1175 pi.
1062 1091 1182 1155 Simili·

108 1205 156 1264 ter
179 1198 262 1262 dixit
286 1203 394 1263 auctor
418 1198 476 1263 lib.
502 1198 543 1261 do
567 1219 694 1281 monog.
708 1179 857 1260 'infantes
879 1197 1047 1282 pipiantes.
1070 1238 1115 1247 -
1130 1199 1183 1263 Pi-

106 1306 177 1392 piro
213 1307 295 1371 dixit
330 1304 456 1369 Colum,
481 1307 511 1387 8,
536 1307 565 1388 5,
593 1305 631 1368 14
668 1305 864 1368 auscultetur
899 1304 927 1366 si
961 1303 1087 1388 pipiant
1118 1306 1175 1389 (sc.

108 1414 214 1499 pulli).
241 1453 282 1462 -
304 1413 424 1497 Pipare
446 1411 564 1496 legitur
588 1432 639 1495 ap.
663 1410 757 1474 Varr.
782 1416 842 1473 sat.
866 1410 952 1473 Mon.
977 1410 1037 1473 ΠΙ.
1069 1410 1102 1496 (1
1131 1412 1178 1476 ed.

108 1519 244 1604 Buech.)
269 1521 374 1605 mugit
397 1520 501 1603 bovis,
530 1520 592 1584 oui’
615 1519 715 1601 balat,
745 1519 819 1602 oqui
843 1519 1027 1600 hinnniunt,
1059 1521 1180 1602 gallina

109 1668 150 1677 —
172 1629 278 1714 pipat,
303 1633 386 1691 auct.
411 1647 506 1689 carm.
530 1625 570 1688 de
593 1625 768 1710 philomela
791 1627 833 1687 24
850 1624 903 1708 (¹19
921 1625 984 1688 762
1001 1625 1051 1689 cd.
1068 1626 1178 1710 Riese)

107 1734 277 1818 accipitres
300 1735 412 1819 pipant
435 1732 551 1796 miluus
574 1731 730 1815 hiansque
753 1730 843 1816 lupit.

195 1839 465 1925 praetrepido
496 1837 548 1922 46,
574 1840 591 1902 7
616 1837 681 1900 iam
704 1858 795 1903 mens
826 1837 1069 1923 praetrepidans
1104 1843 1178 1904 avet

108 1947 239 2032 vagari'.
269 1947 431 2031 Docring:
453 1944 698 2030 praetrepidare
723 1944 886 2027 eleganter
910 1943 948 2008 de
972 1944 1011 2007 iis
1035 1944 1088 2030 qui
1113 1967 1178 2008 mo-

107 2075 162 2119 rae
185 2060 261 2119 sunt
290 2055 497 2141 impatientes
521 2057 555 2116 et
577 2073 654 2137 prae
684 2051 811 2115 laetitia
833 2052 885 2114 vel
909 2052 1058 2136 cupidine
1082 2053 1178 2117 alicu·

107 2160 158 2225 ius
188 2161 235 2225 rei
266 2182 362 2246 quam
393 2182 471 2225 mox
499 2160 674 2244 suscepturi
697 2164 779 2241 sunt,
812 2159 896 2222 sicut
919 2159 993 2244 equi
1020 2162 1176 2244 generosi,

107 2272 142 2330 ut
187 2269 249 2333 hoc
295 2268 442 2353 exemplo
487 2271 569 2350 utar,
607 2266 731 2329 frenum
769 2265 954 2331 mordentes
991 2266 1174 2352 trepidant’.

107 2372 218 2438 Recte.

195 2480 402 2565 reflagito
427 2482 478 2563 42,
504 2482 523 2543 6
548 2499 776 2564 persequamur
800 2499 872 2542 eam
898 2484 930 2542 et
957 2480 1175 2563 reflagitemus

107 2586 146 2649 of.
170 2586 203 2650 ib
229 2587 282 2652 ,10
306 2587 529 2651 circumsistite
552 2607 625 2650 eam
648 2591 679 2648 et
701 2586 902 2670 reflagitatc'.
927 2625 970 2633 --
993 2584 1065 2649 Non
1085 2593 1176 2651 extat

107 2694 193 2758 aliud
226 2695 316 2758 verbi
350 2695 449 2781 quod·
469 2699 518 2758 cst
558 2695 665 2779 flagito
701 2694 909 2779 compositum
943 2701 1071 2780 practer
1094 2696 1174 2758 illud

107 2801 260 2887 efflagito.

195 2908 412 2992 reglutino
447 2909 498 2990 25,
525 2910 544 2970 9
569 2928 653 2993 quae
678 2928 763 2971 nunc
786 2906 851 2970 tuis
875 2906 916 2970 ab
939 2907 1101 2990 unguibus
1125 2930 1174 2973 re-

106 3014 229 3099 glutina
252 3020 284 3078 et
316 3015 463 3080 remitte'.
508 3015 722 3099 Deeringius,
755 3015 927 3098 reglutina,
967 3015 1078 3099 inquit,
1113 3015 1174 3080 hoe

106 3126 165 3204 est,
195 3120 328 3208 resolve.
375 3120 552 3206 Eleganter
575 3122 614 3186 de
638 3121 770 3202 furibus,
806 3140 938 3205 quorum
967 3141 1080 3184 manus
1103 3121 1173 3205 glu-

105 3227 171 3292 tine
195 3228 290 3313 quasi
312 3233 345 3292 et
367 3229 456 3293 visco
479 3230 582 3296 illitae
606 3229 754 3293 omnibus
777 3228 874 3292 rebus
898 3229 1080 3311 adhaerent,
1106 3250 1173 3294 eas-

103 3353 164 3418 que
198 3334 358 3398 tenaciter
391 3335 540 3400 retinent.
591 3335 645 3400 sio
680 3334 765 3398 infra
801 3355 898 3398 earm.
924 3333 980 3417 33,
1003 3334 1033 3400 3.
1058 3334 1174 3401 dextra

103 3420 396 3526 inquinatioro
428 3440 565 3505 dicitur’.
608 3441 699 3505 idem
720 3440 854 3505 verbum
878 3440 985 3504 activo
1011 3461 1107 3505 sensu
1129 3442 1173 3506 le·

104 3546 190 3630 gitur
213 3546 309 3611 Mart.
334 3546 410 3634 Oap.
427 3547 476 3613 VI
500 3550 517 3632 ἓ
541 3551 604 3612 586
629 3548 760 3612 tandem
783 3547 879 3631 igitur
901 3547 1107 3631 reglutinatis
1130 3550 1172 3614 ab

103 3652 234 3716 aethrae
257 3652 498 3717 intervibrantis
517 3654 730 3717 admiratione
744 3652 928 3716 luminibus.
956 3653 1094 3717 Prorsus
1107 3654 1170 3719 alio

103 3776 200 3821 sensu
221 3758 362 3842 positum
385 3765 433 3824 cst
460 3760 556 3824 Prud.
580 3761 691 3847 perist.
719 3762 768 3823 10.
792 3760 857 3824 874
881 3762 934 3824 vel
967 3767 1170 3846 amputatum

101 3864 199 3948 plaga
229 3866 345 3929 cellum
379 3865 528 3932 dividens
565 3908 608 3918 —-
643 3890 752 3932 rursus
789 3868 889 3933 coibit
921 3889 959 3932 ac
993 3871 1170 3956 reglutina-

100 3970 195 4055 bitur,
217 3971 273 4036 ubi
295 3974 380 4037 idem
403 3976 492 4040 valet
515 3976 599 4062 quod
622 3970 742 4040 iterum
765 3976 937 4060 glutinare.

190 4084 337 4144 retono
374 4083 425 4164 63,
451 4082 492 4147 82
527 4082 578 4146 fac
608 4087 722 4146 cuncta
751 4081 910 4165 mugienti
939 4082 1071 4147 fremitu
1095 4084 1168 4148 loce

100 4187 266 4251 retonant’.

191 4315 405 4381 supperno
442 4297 493 4379 17,
520 4298 559 4360 19
594 4317 655 4360 nec
688 4319 723 4362 ss
757 4295 905 4360 sublevat
929 4317 970 4359 ex
993 4315 1053 4360 sua
1075 4300 1166 4383 parte

101 4395 159 4461 sad
179 4400 268 4465 velut
289 4400 382 4466 alnus
405 4439 448 4451 -
471 4402 507 4467 in
541 4403 629 4467 fossa
650 4403 766 4489 Liguri
789 4402 873 4466 iacet
892 4408 1088 4491 suppernata
1118 4423 1168 4467 sc·
