2566 4762
589 171 801 234 ..10-

271 365 516 451 Zephyritis
542 363 599 447 66,
615 367 656 429 51
674 367 745 449 ipsa
761 386 852 428 suum
872 362 1054 448 Zephyritis
1069 382 1107 426 eo
1124 363 1230 428 samu-

163 472 229 536 lum
244 472 370 556 legarat
382 511 424 519 —
437 470 537 535 Graia
553 470 725 557 Canopieis
742 472 848 535 incola
862 469 1031 534 litoribus'.
1045 469 1125 533 Ilrat
1139 469 1231 535 Arsi·

164 598 237 660 noc,
259 576 435 642 Ptolemaei
453 577 660 663 Philadelphi
682 577 823 664 Aegypti
847 577 932 662 regis
949 598 1042 659 uxor,
1076 598 1174 664 quam
1197 579 1230 642 in

163 684 328 770 Zephyrio
349 685 569 770 promunturio
582 684 718 750 Veneris
737 684 954 771 Zephyritidis
969 685 1098 749 nomine
1123 685 1232 748 colue-

163 796 239 854 runt
253 791 418 877 Aegyptii.
430 797 436 807 '
449 790 561 856 Testes
578 797 653 855 sunt
670 790 782 877 Steph.
799 791 838 855 B.
855 813 880 854 a.
896 811 927 854 v.
949 799 1087 874 Ζεφύριον·
1108 798 1167 853 ἔστι
1185 800 1232 853 καὶ

163 893 234 972 ἄκρα
253 898 302 970 τῆς
321 897 469 966 Αἰγύπτου,
488 891 571 969 ἀφ’ἦς
591 895 771 972 ἣἎῴροδίτη
789 898 835 952 καὶ
862 897 1046 972 Ἀρσινόη
1076 903 1171 967 Ζεφο
1181 921 1198 973 ρ
1208 903 1232 952 ἷ-

165 1009 230 1059 οις,
260 991 296 1048 ὡς
315 996 501 1066 Καλλίμαχος,
521 984 737 1051 Callimachus
761 1009 811 1073 ap.
837 986 954 1051 Athen.
982 990 1011 1052 7.
1030 1010 1060 1074 p.
1081 989 1146 1054 318
1164 989 1232 1075 (ep.

165 1077 195 1158 5,
220 1078 234 1139 1
262 1076 324 1161 sq.)
354 1086 452 1154 κόγχος
479 1083 547 1154 ἐγώ,
578 1089 782 1160 Ζεφυρῖτι,
818 1088 995 1161 παλαίτερος,
1022 1085 1090 1141 ἀλλὰ
1118 1085 1152 1140 σὺ
1179 1088 1232 1141 νῦν

163 1192 199 1243 με
212 1203 243 1210 -
255 1175 395 1249 Κύπρι,
415 1176 572 1248 Σεληναίης
590 1172 703 1248 ἄνθεμα
722 1179 832 1253 πρῶτον
851 1177 924 1243 ἔχεις
942 1198 965 1231 κ.
978 1196 1000 1231 τ.
1013 1179 1035 1231 λ.
1055 1171 1092 1234 cf.
1105 1189 1135 1234 V.
1150 1171 1167 1233 7
1183 1190 1231 1253 sq.

164 1270 193 1325 ἔκ
212 1271 335 1326 τ’ἕπεσον
354 1272 429 1350 παρὰ
447 1280 533 1328 θῖνας
548 1277 681 1340 Ιουλίδας,
700 1261 916 1350 ὂφρα’γι’νωμαι
933 1306 965 1314 -
982 1280 1028 1328 σοι’
1049 1293 1077 1328 τε
1105 1276 1233 1348 περίσκε-

164 1387 233 1424 πτον
246 1376 387 1441 παίγνιον,
397 1370 429 1428 Ἀ
438 1395 454 1448 ρ
464 1393 481 1426 σ
490 1395 500 1427 ι
509 1376 568 1445 νόη,
586 1365 780 1452 Posidippus
804 1386 854 1450 ap.
874 1364 992 1429 Athen.
1005 1364 1058 1427 l.l.
1080 1363 1133 1449 (Of.
1146 1362 1233 1426 Ana·

163 1470 249 1536 lecta
271 1479 349 1537 vett.
380 1474 535 1559 poettGr.
560 1474 715 1537 Brunchii
738 1473 829 1538 XXI.
853 1479 928 1536 tom.
952 1471 995 1535 Π.
1017 1494 1048 1557 p.
1074 1470 1132 1556 51)
1154 1482 1232 1533 roszo

163 1577 209 1631 καὶ
228 1577 266 1651 ,ἓν
284 1582 376 1654 πόντῳ
394 1583 440 1635 καὶ
459 1581 504 1636 ἐπὶ
519 1583 606 1649 χθονὶ
625 1585 675 1655 τῆς
694 1583 857 1650 οιλαδέλῴοα
877 1613 910 1621 -
930 1583 1070 1656 Κύπριδος
1088 1583 1232 1649 ἱλάσκεσθ’

164 1675 241 1751 ἱερὸν
255 1677 403 1752 Ἀρσινόης
429 1671 467 1736 cf.
491 1672 589 1736 etiam
613 1671 697 1737 Plin.
713 1671 744 1735 h.
761 1693 792 1734 n.
810 1671 1034 1757 34‚14(142)
1053 1671 1132 1736 148:
1164 1671 1233 1735 Ma-

165 1784 261 1862 gnete
284 1780 393 1866 lapide
409 1779 602 1844 architectus
618 1779 824 1843 Timochares
840 1778 1061 1844 Alexandriae
1076 1778 1232 1844 Arsinoes

165 1887 321 1971 templum
345 1906 571 1950 concamarare
594 1887 811 1967 inchoaverat,
833 1891 869 1948 ut
884 1886 918 1949 in
935 1906 972 1950 eo
989 1885 1196 1948 simulacrum
1212 1907 1231 1949 e

163 1993 246 2057 ferro
269 1992 412 2078 pendere
435 2013 508 2058 aare
531 1992 705 2057 videretur.
751 1991 938 2056 Intercessit
966 1992 1066 2077 ipsius
1089 2012 1175 2055 mors
1199 2000 1233 2056 et

164 2098 343 2163 Ptolemaei
370 2099 464 2183 regis,
494 2098 550 2183 qui
576 2097 610 2161 id
636 2098 741 2162 sorori
768 2118 844 2161 suae
870 2098 1007 2161 iusserat
1022 2097 1110 2161 fieri’
1147 2096 1233 2161 Vide

164 2206 261 2269 etiam
284 2206 386 2291 intpp.
410 2205 451 2269 ad
468 2204 589 2269 Catulli
610 2205 726 2288 locum,
749 2204 896 2290 inprimis
914 2203 1075 2269 Achillem
1093 2203 1233 2268 Statium

165 2318 198 2376 et
220 2312 267 2379 Js.
284 2311 446 2395 Vossium‚
470 2311 586 2398 quibus
603 2312 752 2376 addenda
776 2311 869 2375 docta
891 2310 1053 2375 adnotatio
1070 2311 1104 2373 in
1119 2311 1235 2374 Hertz-

165 2418 269 2504 bergii
292 2426 325 2483 ct
348 2419 501 2484 Teuffclii
523 2420 691 2505 interpret.
715 2440 814 2504 germ.
837 2440 870 2504 p.
891 2419 963 2502 140,
986 2418 1043 2481 ubi
1065 2418 1234 2503 ingeniose

165 2526 302 2611 quidem,
327 2525 383 2589 sed
406 2526 512 2589 minus
536 2526 786 2592 solicitorum
813 2527 981 2609 vulgatum
1004 2524 1084 2588 illud
1108 2523 1234 2588 Chlo-

164 2631 277 2695 ridos
312 2638 424 2695 contra
457 2630 644 2696 Bentleium
668 2631 848 2696 defenditur
878 2630 1045 2695 verissime
1079 2650 1235 2715 reponen-

164 2744 228 2803 tem
251 2738 454 2803 Locridos
478 2737 679 2824 (elocridicos
702 2739 768 2823 V).

270 2845 479 2931 Appellativa
501 2865 619 2929 graeca
643 2845 728 2932 apud
754 2845 857 2910 solum
881 2843 1044 2910 Catulum
1067 2843 1236 2908 inveniun-

164 2958 216 3016 tur
237 2954 335 3017 haec:

283 3079 591 3145 mnemosynum
638 3059 688 3142 12,
725 3060 763 3121 13
803 3060 946 3122 serumst
989 3076 1231 3141 mnemosynum

165 3168 229 3232 mei
252 3166 394 3230 sodalis!
428 3187 522 3231 nemo
547 3166 652 3230 sinum
674 3165 714 3231 V.
738 3163 858 3229 Munus
884 3164 967 3249 quod
998 3164 1091 3228 amici
1114 3183 1233 3226 memo-

164 3272 247 3336 riam
280 3272 430 3337 refricare
463 3273 570 3336 raleat
604 3277 691 3337 recte
725 3271 956 3356 interpretatur
989 3269 1137 3355 Vulpius,
1177 3268 1233 3350 qui

167 3383 241 3464 apte
269 3378 363 3442 affert
396 3378 481 3442 illud
503 3378 642 3464 Vergilii
664 3378 746 3443 Aen.
774 3379 803 3461 5,
827 3377 891 3442 336
917 3396 984 3460 sqq.
1008 3380 1143 3458 ‘cratera
1175 3373 1233 3436 im-

165 3506 310 3572 pressum
345 3484 446 3570 signis
481 3506 576 3572 quem
601 3485 760 3549 Thracius
793 3483 872 3547 olim
896 3521 939 3530 —
962 3478 1124 3544 Anchisae
1147 3478 1233 3562 geni-

165 3594 226 3658 tori
259 3594 292 3658 in
318 3614 435 3678 magno
458 3613 591 3657 munere
614 3591 745 3657 Oisseus
767 3629 811 3638 -
833 3590 918 3653 ferre
941 3586 991 3651 sui
1013 3586 1146 3650 dederat
1167 3604 1233 3646 mo-

166 3706 353 3766 numentum
387 3705 421 3764 et
451 3701 567 3785 pignus
590 3698 719 3763 amoria'
751 3696 807 3760 ubi
829 3699 1073 3760 monumentum
1097 3690 1232 3756 eandem

166 3807 267 3871 habet
306 3807 381 3870 vim.
417 3805 536 3870 Graeci
577 3804 689 3870 eodem
723 3823 819 3868 sensu
854 3801 965 3866 dicunt
994 3810 1175 3881 μνημόσυνον
1202 3802 1234 3859 et

166 3915 344 3985 μνημόσυνα·

272 4000 521 4086 parthcnice
546 4001 598 4082 61,
617 4001 679 4063 190
695 3998 771 4062 alba
785 3996 976 4084 parthenice
997 3993 1085 4059 velut
1100 3991 1233 4055 luteum·

118 4085 121 4091 ⁴
165 4127 205 4172 ve
228 4106 391 4194 papaver’.
437 4107 575 4182 Quinam
603 4104 836 4190 intellegendus
866 4104 910 4169 sit
935 4104 995 4168 flos
1021 4121 1150 4188 prorsus
1178 4119 1233 4162 ne—

168 4215 283 4300 scitur3
316 4214 351 4280 id
385 4218 511 4279 tantum
544 4212 624 4277 satis
660 4210 828 4298 probabile
851 4216 904 4276 est
932 4209 1018 4275 idem
1040 4208 1150 4274 valere
1173 4206 1233 4271 hoc

103 4328 287 4408 'muron
319 4321 407 4410 quod
441 4321 521 4388 alibi
555 4327 589 4387 ct
622 4320 707 4408 apud
739 4319 877 4386 Latinos
912 4324 945 4384 et
978 4318 1065 4405 apud
1089 4315 1233 4382 Graecos
