2566 4762
537 195 751 259 ..25-

110 390 162 471 13,
189 389 270 453 790:
294 387 456 453 candidior
478 389 556 453 folio
580 390 676 471 nivei,
702 388 850 472 Galatea,
874 390 1003 473 ligustri
1026 428 1069 439 —-
1094 391 1177 454 flori-

108 495 180 560 dior
202 496 313 579 pratis.
336 495 434 561 Prud.
463 497 640 581 peristeph.
668 498 717 577 10,
745 497 806 559 192
841 516 919 559 mox
951 497 1040 560 flevit
1074 498 1176 582 impu-

104 606 196 667 ratus
220 602 362 665 occisum
386 603 477 685 gravi
500 642 544 651 —
568 601 655 665 disco
680 608 713 664 et
736 601 857 664 dicavit
878 602 1081 666 florulentum
1104 623 1175 665 suc-

107 707 235 772 cubam.
270 706 309 770 01.
334 708 431 771 etiam
455 693 525 773 001.
551 709 604 788 64,
628 707 693 773 252
716 708 830 771 florens
855 707 1000 772 Iacchus.
1031 708 1176 772 Muretus

106 815 311 899 comparavit
334 813 531 878 Graecorum
550 823 675 897 ἀνθηρά,
698 823 856 896 ἀκμάζουσα

216 921 361 984 imulus
397 922 460 1004 25,
495 921 515 986 2
550 922 676 986 mollior
707 922 825 987 -vel
850 920 974 985 anseris
998 920 1176 984 medullula

104 1027 163 1090 vel
197 1026 296 1090 imula
334 1027 480 1094 oricilla’.
527 1026 653 1091 Eodem
682 1027 775 1091 modo
808 1027 983 1090 formatum
1012 1033 1064 1089 001
1093 1026 1175 1089 illud

104 1131 291 1196 bimulus
334 1134 390 1216 17,
432 1134 470 1196 13
509 1154 569 1197 nee
605 1134 691 1218 sapit
720 1134 813 1219 pueri
855 1133 1028 1196 instar-
1062 1132 1175 1195 bimuli
1266 1206 1269 1211 ,

104 1238 244 1302 tremula
273 1240 374 1324 patris
410 1239 595 1302 dormientis
633 1239 667 1302 in
702 1239 788 1302 ulna.
839 1237 946 1324 Atque
982 1237 1175 1301 ediec-tivum
1246 1230 1260 1267 s

106 1343 264 1407 imulus
289 1365 445 1429 nusquam
469 1345 549 1408 alias
572 1345 754 1428 invenitur,
777 1345 811 1407 id
827 1344 912 1429 quod
929 1350 978 1408 est
1001 1344 1175 1408 bimulus

109 1449 207 1512 etiam
233 1447 406 1514 Suetonius
435 1451 534 1516 habet
557 1451 659 1534 Calig.
684 1453 718 1514 8:
751 1450 880 1515 abunde
902 1470 1015 1535 parere
1039 1451 1175 1514 arbitror

105 1575 172 1618 non
195 1555 344 1639 potuisse
368 1557 414 1620 ibi
436 1559 526 1621 nasci
544 1559 672 1640 Gaium,
689 1577 753 1641 quo
776 1578 876 1642 prope
891 1556 1032 1620 bimulus
1047 1554 1175 1620 demum

104 1659 285 1745 perductus
309 1660 349 1725 ab
372 1665 450 1728 mbo
478 1664 530 1729 sit.
556 1704 598 1714 -

213 1765 421 1834 lacteolus
450 1771 500 1851 55,
520 1771 559 1832 17
581 1791 659 1833 num
676 1776 708 1834 te
724 1750 881 1834 lacteolae
896 1775 1005 1834 tenent
1020 1771 1175 1855 puellae?

106 1871 289 1939 Lacteolus
327 1875 368 1940 de
404 1876 541 1941 candore
571 1876 700 1958 dictum,
722 1882 758 1940 ut
780 1878 901 1941 lacteus
924 1876 1003 1941 Hor.
1028 1898 1124 1940 carm.
1148 1876 1175 1959 Ι,

110 1979 213 2062 13,2
248 1981 355 2045 100100
390 1982 526 2067 Telephi
560 1982 675 2046 laudas
703 1981 846 2065 brachia,
870 1983 926 2045 ubi
949 1981 1029 2046 illud
1051 1982 1175 2066 ,lactea’

105 2084 275 2152 Bentleius
313 2089 434 2173 optime
469 2109 487 2152 e
522 2089 617 2174 Capri
650 2090 755 2153 verbis
782 2089 827 2173 (p.
852 2090 937 2152 2212
960 2088 1014 2172 Ρ)
1036 2089 1176 2153 restituit

107 2212 165 2277 pro
197 2192 309 2278 inepta
336 2195 494 2258 librorum
517 2195 657 2259 lectione
682 2194 809 2280 ,cerea'.
833 2194 908 2259 Vid.
925 2195 1031 2278 ipsius
1054 2202 1174 2277 notam,

107 2298 164 2362 ubi
204 2306 426 2384 comparantur
457 2299 554 2384 Verg.
583 2300 666 2364 Aen.
705 2304 752 2385 10,
785 2302 846 2367 137
875 2301 963 2366 lusos
989 2302 1100 2365 ceruix
1123 2303 1173 2364 cui

104 2406 212 2469 lactea
243 2409 349 2471 crines
383 2447 422 2457 -
445 2409 571 2493 accipit,
617 2407 802 2489 11001009,
828 2409 870 2470 80
906 2428 1082 2492 purpureas
1105 2408 1174 2471 lau-

106 2512 213 2577 dando
250 2535 350 2596 genas
386 2519 419 2577 et
453 2515 562 2578 lactea
598 2515 689 2578 00110.
737 2514 893 2578 Similiter
916 2514 1052 2577 Venant.
1078 2535 1172 2578 carm.

106 2618 140 2701 8,
166 2619 216 2702 12,
244 2622 281 2684 12
306 2641 421 2685 aureus
444 2621 519 2685 ordo
545 2621 649 2685 crocis
671 2622 774 2703 violis,
798 2621 873 2683 binc
895 2621 1033 2685 blatteus
1056 2621 1174 2686 exit-

106 2725 256 2790 coccinus
280 2727 354 2791 hino
378 2728 523 2810 rubicat,
553 2727 717 2793 lacteus
751 2727 827 2790 inde
862 2728 992 2810 nivet,
1026 2728 1174 2813 idemque

108 2831 139 2913 8,
184 2833 221 2912 1,
257 2834 299 2896 27
336 2835 426 2917 regia
462 2834 645 2898 lactineo
680 2839 878 2897 commutans
915 2834 1013 2918 pallia
1052 2834 1172 2899 cultu.

106 2937 342 3025 Peerlkampus
378 2941 432 3025 qui
470 2940 604 3005 eandem
640 2961 735 3025 quam
769 2939 939 3004 Bentleius
975 2940 1009 3004 iu
1038 2939 1173 3006 Horatio

105 3042 223 3130 probat
252 3045 425 3110 lectionem
461 3047 544 3110 adiri
582 3047 673 3110 iubet
703 3047 804 3131 intpp.
830 3045 872 3108 ad
895 3045 952 3110 Sil.
978 3050 1029 3130 12,
1053 3048 1106 3113 45.
1130 3090 1173 3099 —-

107 3145 259 3213 Ceterum
274 3151 390 3237 legitur
406 3153 599 3217 adiectivum
621 3153 781 3216 lacteolus
805 3152 904 3216 simili
928 3173 1027 3216 sensu
1050 3154 1172 3218 Ausou.

107 3272 160 3339 ep.
175 3257 204 3337 7,
227 3256 270 3320 46
295 3279 378 3344 quae
407 3261 465 3344 (00.
481 3261 580 3342 10010)
604 3259 756 3324 ferventis
779 3280 883 3345 aquae
906 3261 975 3323 1010
995 3261 1171 3345 vaporibus

106 3410 150 3422 -
175 3387 303 3434 earnem
330 3366 459 3430 lacteoli
482 3366 617 3430 visceris
640 3366 775 3449 indicat,
798 3366 839 3430 de
863 3368 954 3450 agnis
979 3366 1173 3432 lactantibus

105 3476 208 3543 Prud.
232 3475 345 3560 periet.
374 3474 433 3555 11,
471 3473 535 3536 215
559 3473 604 3536 010
628 3493 700 3536 oum
734 3473 880 3537 lacteolis
904 3472 1012 3537 caulas
1035 3473 1174 3558 comple-

104 3583 190 3647 veris
214 3581 306 3665 agnis
330 3579 369 3643 cf.
393 3581 424 3661 3,
455 3580 511 3641 165
536 3579 670 3662 spiritus
701 3579 752 3642 hio
787 3585 854 3642 erat
889 3579 1038 3643 Eulaliae
1061 3619 1104 3628 --
1126 3580 1173 3643 10-

108 3689 235 3754 cteolus
261 3686 346 3750 celer
370 3686 537 3764 innocuus,
562 3686 668 3770 quode
687 3687 725 3749 01.
752 3686 863 3750 Barth.
888 3686 1020 3751 Advers.
1045 3685 1103 3770 VI,
1128 3690 1170 3752 28

109 3795 151 3859 ab
198 3792 365 3858 Dresselio
402 3790 443 3854 ad
478 3791 573 3855 Prud.
608 3791 631 3855 l.
654 3792 675 3855 1.
711 3793 847 3857 citatus:
886 3793 972 3879 quod
1008 3792 1049 3856 ab
1085 3795 1172 3857 omui

106 3901 183 3966 labe
206 3899 349 3964 alienum
372 3903 466 3983 atque
491 3902 651 3962 remotum
674 3903 734 3981 est,
757 3906 823 3964 tam
846 3899 888 3963 ad
912 3900 1053 3963 animum
1076 3919 1172 3984 quam

106 4006 150 4072 ad
175 4005 316 4091 corporis
345 4004 596 4091 pulcritudinem
623 4012 813 4089 venustum,
835 4006 1038 4070 lacteum
1060 4004 1171 4070 Latini

106 4117 234 4177 vocant

215 4216 409 4283 lassulus
444 4219 497 4302 63,
521 4218 563 4283 35
593 4216 701 4302 itaque
724 4224 760 4282 ut
782 4214 912 4283 domum
927 4217 1075 4306 Cybebes
1097 4218 1170 4284 teti·

107 4344 189 4413 gere
209 4322 357 4390 lassulae
379 4362 424 4375 -
445 4344 592 4390 somnum
613 4324 764 4410 capiunt’.
