2566 4762
548 145 846 212 -7-.

111 361 193 425 quae
217 339 327 404 eodem
351 344 488 424 possunt
509 339 633 422 referri,
658 347 694 404 ut
715 340 893 405 locutiones
915 341 1006 407 illae:
1036 348 1069 406 at
1091 342 1181 408 vobis

110 464 196 528 male
220 464 264 528 sit
294 463 398 528 malae
421 464 574 529 tenebrae
598 465 642 549 (3,
667 463 724 549 13)
745 486 818 548 non,
842 465 992 551 inquam,
1016 466 1093 530 mibi
1116 472 1182 532 tam

110 588 172 653 fuit
209 588 352 672 maligne
374 587 444 673 (10,
471 589 524 670 18)
559 608 623 652 non
657 594 706 653 est
740 590 785 652 mi
812 588 918 673 male,
943 587 1001 653 sed
1036 588 1120 653 bene
1143 612 1181 655 ao

110 712 205 778 beate
240 713 309 797 (14,
343 714 392 777 10.
418 713 463 778 of.
488 713 541 796 23,
569 712 624 797 15)
653 718 702 778 111
727 714 838 800 pulore
868 714 930 778 tibi
953 735 1026 779 oum
1048 720 1103 779 tuo
1126 737 1181 801 pa·

110 842 200 902 rente
223 836 293 921 (23,
308 837 345 914 5)
369 835 493 918 molest,
518 834 679 920 Cornifiei,
703 842 759 901 tuo
783 837 913 903 Catullo
936 839 1006 924 (38,
1030 841 1059 926 1)
1081 861 1179 927 quare

110 959 196 1044 quod
218 957 342 1040 seribis‚
359 955 507 1022 Veronae
530 963 622 1044 turpe
646 957 775 1024 Oatullo
798 1001 842 1010 -
866 982 940 1026 esse
955 963 1025 1049 (68,
1041 963 1083 1029 27
1101 965 1181 1052 sq.);

111 1090 146 1147 at
157 1084 283 1169 longius
299 1084 363 1147 ista
377 1084 526 1168 persequi
538 1088 627 1148 vetat
640 1084 827 1171 scriptionis
843 1086 937 1151 huius
953 1088 1179 1156 eonsilium.—

110 1209 226 1296 Neque
255 1209 371 1274 desunt
405 1209 605 1294 antiquitatis
640 1210 779 1294 vestigia
809 1213 842 1275 in
870 1211 990 1277 Catulli
1022 1235 1179 1300 sermone,

109 1357 193 1420 quae
227 1335 339 1399 eadem
372 1335 473 1398 multo
496 1334 595 1399 etiarn
620 1340 696 1399 sunt
722 1335 947 1421 ¹frequentiora
974 1339 1008 1403 in
1034 1339 1178 1405 Lucretii
1207 1384 1211 1393 -

110 1458 224 1542 libris,
258 1459 322 1523 etsi
354 1463 468 1523 neuter
506 1458 605 1523 habet
639 1479 687 1542 ea,
714 1480 796 1545 quae
820 1459 985 1525 Ciceronis
1009 1464 1179 1548 aequalem

110 1583 279 1648 admisisse
303 1583 393 1648 nefas
418 1584 469 1646 sit.
492 1582 537 1647 Et
559 1584 654 1649 huius
677 1584 725 1649 rei
748 1583 832 1648 dabo
856 1587 1050 1672 exemplum.
1077 1586 1111 1652 Ο.
1126 1590 1178 1672 39,

111 1709 131 1770 9
162 1707 318 1792 legimus:
353 1728 453 1793 quare
488 1707 684 1773 mouendum
719 1714 784 1773 test
816 1708 907 1793 mihi,
938 1709 1020 1775 boue
1045 1711 1176 1797 Egnati.

110 1831 202 1897 Idem
225 1832 377 1919 loquendi
401 1854 505 1917 genus
527 1833 624 1898 valde
640 1834 797 1898 usitatum
812 1835 967 1899 Lucretio
991 1837 1029 1900 of.
1046 1837 1175 1922 Holtze,

111 1965 192 2044 synt.
215 1959 346 2023 Lueret.
372 1980 399 2024 e.
422 1958 472 2024 IX
494 1981 525 2045 p.
553 1961 612 2024 135
636 1980 681 2045 sq.
705 1959 762 2024 ubi
793 1960 903 2024 omnia
934 1962 1084 2048 exempla
1107 1962 1178 2027 dili-

111 2089 225 2167 genter
249 2084 384 2149 eolleota
418 2087 504 2148 sunt.
540 2081 624 2147 Vide
648 2083 746 2147 etiam
769 2083 858 2148 Brix.
881 2084 923 2149 ad
945 2085 1052 2150 Plauti
1088 2085 1176 2152 Tria.

110 2207 175 2272 869
199 2214 233 2272 11
255 2228 351 2294 quem
375 2207 428 2272 hie
449 2207 560 2272 laudat
583 2205 705 2292 Reisig.
750 2208 878 2275 Vorles.
903 2233 933 2296 p.
959 2211 1067 2298 766.¹)
1105 2211 1178 2278 Hoe

107 2330 179 2396 loeo
214 2330 310 2395 etiam
344 2330 425 2395 illud
459 2331 731 2416 commemorabo,
777 2333 860 2419 quod
891 2336 1005 2399 melius
1038 2336 1176 2403 tortasse

109 2477 208 2542 supra
231 2457 421 2543 posuissem,
444 2455 606 2522 Oatuilum
622 2479 687 2521 non
702 2458 805 2543 magis
821 2481 915 2545 quarn
927 2461 1113 2527 Lucretium
1136 2503 1176 2512 -

107 2580 134 2644 si
165 2581 293 2666 quidem
326 2582 527 2647 Lachmanni
550 2603 628 2647 vera
663 2588 714 2648 est
737 2583 918 2651 obseruatio
941 2626 985 2636 -
1007 2589 1056 2652 uti
1079 2589 1177 2673 parti-

107 2706 181 2769 aula
218 2727 299 2793 quae
333 2712 381 2771 est
417 2712 465 2771 et
502 2706 618 2772 eodem
655 2728 753 2772 sensu
791 2729 854 2794 quo
892 2710 992 2795 vulgo
1027 2709 1177 2777 dicebant

107 2830 260 2894 otiam.
305 2829 350 2894 ut
380 2830 421 2895 de
444 2828 575 2894 Oatullo
599 2829 729 2915 quidem
752 2835 843 2895 extra
865 2831 1099 2898 dubitationem
1122 2857 1176 2922 po-

105 2955 168 3018 sita
202 2977 256 3020 res
293 2962 358 3040 est3
386 2955 578 3021 Lucretium
600 2975 687 3039 vero,
720 2977 794 3020 eum
817 2955 1046 3039 Laehmannus
1069 2961 1176 3028 omnia

106 3081 286 3165 expulisset
315 3081 408 3146 istius
440 3102 516 3145 usus
530 3080 691 3167 ,exempla
715 3081 805 3167 (vide
828 3082 976 3168 inprimis
1002 3083 1110 3169 ipsum
1134 3086 1175 3151 ad

109 3208 136 3289 1,
153 3206 235 3292 830)
258 3207 315 3270 alii
336 3210 374 3269 ut
409 3205 576 3290 Bergkius
614 3204 703 3291 (ann.
739 3206 820 3292 phil.
847 3207 941 3274 1853.
965 3213 1042 3274 tom.
1068 3209 1120 3276 67.
1142 3235 1172 3298 p.

108 3332 187 3417 137)
209 3354 302 3397 usum
325 3353 396 3398 esse
420 3334 482 3397 hae
505 3332 665 3417 particula
688 3353 727 3396 eo
750 3351 813 3418 quo
828 3333 897 3398 dixi
921 3355 1017 3399 sensu
1039 3337 1173 3402 affirma-

103 3461 181 3520 runt
203 3478 311 3544 neque
340 3456 500 3522 dubitavit
522 3457 673 3522 Holtzius
704 3478 743 3522 ea
767 3458 875 3522 omnia
897 3429 1173 3544 quae'damnave·

103 3587 154 3644 rat
175 3581 402 3648 Lachmaunus
426 3583 575 3670 exempla
599 3588 755 3668 tanquam
777 3583 879 3669 proba
902 3583 984 3649 libro
1009 3605 1067 3650 suo
1089 3587 1172 3655 inse-

100 3727 173 3771 rere
211 3708 254 3794 (e.
290 3706 382 3774 XIV.
406 3731 437 3795 p.
465 3709 527 3775 172
543 3707 614 3795 sq).
639 3707 800 3794 Equidem
838 3730 1020 3795 quanquam
1060 3711 1172 3778 dubito

103 3833 294 3921 plerumque
327 3835 428 3921 magis
462 3841 573 3902 tamen
603 3835 646 3901 ad
667 3835 914 3901 Lachmannum
940 3838 1102 3903 sententia
1124 3838 1171 3903 in-

215 4117 237 4187 ¹)
254 4117 318 4173 Alia
345 4120 395 4175 dat
413 4123 442 4176 G.
463 4125 493 4177 P.
512 4123 644 4178 Sohultae
661 4123 690 4175 in
710 4124 905 4178 dissertatione
924 4141 977 4179 sua
1003 4125 1045 4195 ‘de
1064 4125 1170 4178 Catullo

101 4207 270 4263 erasurum
287 4209 433 4268 imitatore‘
451 4215 539 4269 Jonas
558 4215 625 4267 1871
645 4230 672 4284 p.
692 4217 708 4268 6
728 4229 788 4285 sqq.
