2566 4762
507 186 804 305 plc-

259 437 508 523 Arganthus
542 435 570 517 I,
606 437 660 516 20,
696 436 737 496 33
769 434 823 498 hic
846 442 915 499 erat
938 433 1097 519 Arganthi
1119 433 1229 518 Pegao

162 547 221 610 sub
257 547 383 635 vertice·
420 542 537 606 montis
577 581 621 589 —
653 546 744 624 grata
779 539 893 605 domus
928 541 1084 627 Nymphis
1119 541 1228 606 umida

162 651 414 737 Thyniasln’.-
434 664 640 738 Ἀργανθόνιον
659 657 721 736 ὅρος
734 647 852 713 Graeci
869 648 908 712 Of.
926 647 1030 712 strab.
1049 648 1134 732 121).
1153 648 1228 712 564.

265 759 610 846 Borysthenidae
644 758 688 841 H,
726 759 755 841 7,
795 757 832 820 18
865 755 968 839 gloria
1003 753 1044 819 ad
1074 754 1228 818 hibernos

158 866 226 928 lata
249 866 528 952 Borysthenidas’.

262 973 451 1059 Cepheus
484 974 525 1055 V,
555 976 585 1058 6,
611 976 651 1037 78
676 973 840 1059 Cepheam
875 971 929 1035 hic
951 971 1085 1035 Meroen
1122 971 1229 1034 fusca-

157 1103 219 1165 que
242 1101 345 1165 regna
368 1081 483 1144 oauat’.
529 1079 648 1144 Gracci
671 1090 792 1161 Κηφεύς.

265 1187 442 1275 Cytaine
469 1187 497 1270 I,
534 1190 562 1273 1,
593 1189 637 1252 24
661 1188 753 1251 Tunc
785 1207 843 1271 ego
868 1185 1058 1249 crediderim
1081 1184 1173 1249 vobis
1199 1191 1233 1249 et

162 1297 271 1362 sidera
302 1302 335 1362 et
366 1317 475 1360 amnes
506 1335 551 1346 —
579 1316 673 1381 posse
697 1293 851 1379 Cytaines
875 1291 990 1356 ducere
1014 1292 1230 1356 carminibns'.

157 1405 210 1469 Ita
233 1404 372 1468 correxit
394 1403 633 1467 Lachmannus.
682 1399 909 1487 Cythainis
934 1399 974 1463 N.
998 1399 1073 1464 Vid.
1096 1399 1231 1464 Hertzb.

265 1510 434 1597 Cytaeis
458 1510 502 1594 Π,
528 1514 558 1594 4,
597 1511 635 1574 17
669 1530 734 1572 non
756 1506 812 1571 hic
834 1505 936 1570 herba
960 1507 1056 1590 valet,
1091 1528 1155 1570 non
1178 1507 1231 1571 hic

156 1623 315 1682 nocturna
338 1615 487 1702 Cytaeis’.
533 1615 650 1681 Graeci
674 1623 940 1692 siccandasque.

265 1723 526 1787 Dorozantes
562 1723 614 1805 V,
651 1724 693 1805 5,
728 1720 771 1787 21
804 1718 840 1783 Si
862 1725 895 1784 te
918 1720 988 1784 an
1011 1719 1231 1784 Dorozantum

160 1832 251 1896 iuvat
274 1851 372 1895 aurea
395 1830 488 1915 ripa’.
535 1828 744 1894 Coniecturae
768 1827 883 1912 quibus
907 1828 1052 1892 homines
1073 1827 1158 1893 docti
1174 1849 1231 1914 pro

159 1943 256 2022 gente
279 1938 388 2022 ignota
413 1935 612 2000 substituere
635 1936 792 1999 notiorem
809 1934 963 1999 volebant
977 1935 1040 1998 vid.
1054 1958 1105 2021 ap.
1117 1934 1234 2000 Hertz-

159 2045 309 2129 bergium
336 2050 368 2108 et
389 2043 591 2107 Muellerum.

268 2150 441 2216 Glaucia
474 2149 523 2232 V,
549 2150 583 2234 5,
612 2149 655 2215 55
685 2149 860 2213 Claucidos
885 2155 917 2215 et
941 2150 1070 2214 catulae
1094 2171 1160 2215 vox
1183 2158 1232 2215 est

163 2259 242 2322 mihi
267 2266 361 2342 grata
388 2258 574 2341 querentis'.
621 2265 749 2328 Γλαῦκος,
768 2261 791 2332 ὁ,
812 2255 939 2322 Graeci.

268 2364 439 2428 Hilaira
472 2363 506 2446 Ι,
541 2367 579 2445 2,
617 2362 658 2428 16
693 2384 756 2427 non
791 2362 838 2426 sic
868 2362 1045 2449 Leucippis
1070 2362 1234 2427 succendit

163 2473 302 2538 Castora
332 2471 463 2537 Phoebe
494 2511 537 2520 -
568 2471 733 2536 Pollucem
764 2473 852 2535 cultu
882 2492 946 2535 non
968 2471 1096 2535 Hilaira
1119 2470 1232 2535 soror’.

159 2586 279 2663 Ἱλάειρα
299 2577 425 2642 Graeci.
861 2567 863 2572 Ι

268 2684 437 2771 Horcps
472 2684 520 2768 V,
558 2686 593 2768 1,
630 2686 670 2748 77
705 2704 758 2747 me
789 2688 877 2747 creat
905 2681 1071 2769 Archytae
1103 2683 1233 2749 soboles

162 2790 363 2876 Babylonius
402 2792 531 2876 Horcps
570 2830 615 2839 -
648 2789 785 2854 Horon’.
844 2790 953 2873 Atque
989 2791 1071 2854 illud
1107 2791 1235 2878 Horcps

162 2917 270 2980 neque
301 2896 389 2981 apud
418 2896 584 2960 Romanos
615 2917 675 2960 nec
706 2895 792 2981 apud
825 2895 968 2960 Graecos
1000 2897 1078 2960 alibi
1107 2897 1235 2983 legitur,

162 3003 197 3067 id
230 3003 319 3088 quod
346 3009 396 3068 est
423 3003 530 3067 Horos
559 3002 683 3067 habent
713 3003 847 3088 saepius
877 3002 1004 3085 Graeci,
1029 3023 1046 3066 c
1076 3003 1235 3068 Romanis

168 3111 258 3173 solus
295 3109 477 3174 Macrobius
513 3116 573 3173 sat.
601 3111 638 3192 1,
673 3111 715 3173 21
739 3113 756 3193 ξ
783 3112 822 3173 13
846 3109 932 3195 apud
955 3109 1085 3174 eosdem
1107 3109 1234 3196 Apollo,

165 3217 222 3301 qui
244 3222 296 3280 est
319 3217 377 3300 sol,
399 3215 508 3280 Horus
531 3220 678 3279 vocatur.

269 3323 385 3387 lasis
420 3322 445 3406 Ι,
484 3324 513 3406 1,
543 3322 586 3387 10
613 3320 770 3385 Milanion
800 3322 907 3387 nullos
930 3322 1095 3407 fugiendo,
1131 3322 1236 3407 Tulle,

164 3430 291 3495 labores
315 3428 550 3494 -saevitiam
574 3429 647 3492 duri
671 3428 817 3493 contudit
840 3428 987 3493 Iasidos’.

271 3535 493 3621 Lampetie
517 3534 583 3618 IV,
610 3535 660 3616 11,
684 3534 726 3601 29
749 3535 936 3620 Lampeties
960 3533 1079 3599 Ithacis
1103 3533 1236 3598 veribus

164 3642 308 3726 mugisse
331 3641 506 3705 iuvencos’.
538 3640 656 3704 Graeci
679 3652 831 3720 Λαμπετίη
850 3641 888 3704 cf.
911 3639 971 3705 Od.
999 3641 1137 3724 12,135.
1162 3642 1237 3704 373.

271 3745 412 3809 Latris
444 3745 493 3828 V,
526 3749 563 3830 7,
596 3748 637 3810 75
668 3745 866 3828 deliciaeque
900 3767 993 3813 meae
1022 3748 1148 3830 Latris,
1185 3745 1238 3808 cui

164 3873 284 3917 nomen
319 3852 360 3915 ab
389 3858 486 3916 usust
515 3892 559 3902 —
584 3873 626 3916 ne
650 3851 818 3937 speculum
842 3850 991 3918 dominae
1013 3854 1159 3940 porrigat
1180 3851 1238 3914 illa

167 3959 291 4024 novae’.
331 3956 450 4022 Graeci
472 3957 594 4022 habent
620 3957 852 4044 appellativum
875 3963 896 4030 ὁ,
916 3965 933 4039 ἡ
952 3968 1054 4041 λάτρις,
1077 3956 1237 4037 minister,

170 4066 329 4130 ministra.

275 4170 458 4255 Lycinna
481 4169 545 4252 IV,
579 4171 630 4251 14,
655 4170 674 4230 6
698 4168 757 4233 illa
779 4169 875 4234 rudes
900 4171 1023 4234 animos
1045 4189 1103 4254 per
1125 4172 1235 4232 noctes

169 4277 299 4342 conscia
320 4277 441 4362 primas
463 4314 508 4325 -
529 4276 647 4340 imbuit
660 4274 726 4339 heu
741 4277 840 4341 nullis
856 4282 951 4360 capta
963 4276 1119 4361 Lycinna
1128 4272 1223 4335 dat'xd
1239 4317 1249 4330 .

166 4420 206 4433 -
232 4399 363 4450 Λυκῖνος.
385 4382 510 4452 habent
541 4382 675 4452 Glaebl.
1181 4464 1205 4511 ἱ
