2566 4762
528 197 741 258 ...26-

208 385 473 450 mollicellus
509 389 564 469 25,
605 388 643 452 ’10
673 410 713 452 55
735 389 864 452 laneum
886 390 1076 452 latusculum
1100 411 1168 453 ma·

103 513 227 576 nusque
262 493 453 556 mollicellas
489 531 532 540 -
558 494 664 558 inusta
688 496 822 580 turpiter
845 495 904 559 tibi
934 496 1061 578 flagella
1093 517 1170 559 con-

103 598 296 662 soribillent'.
321 597 491 681 Duplicata
527 598 720 682 deminuti03
755 607 804 664 est
838 601 924 664 enim
947 600 1171 665 deducendum

103 704 164 767 hoc
187 704 382 768 adiectivum
406 724 425 765 5
450 703 646 770 deminutivo
677 708 939 787 molliculus,
970 707 1056 793 quod
1079 713 1172 770 extat

104 841 152 905 ap.
179 819 295 882 Catuli.
324 819 372 899 16,
397 819 550 885 4.Ρ1555.
576 820 650 884 1155.
676 824 716 903 2,
752 823 793 903 8,
825 822 865 884 55
900 818 995 903 (383)
1017 817 1117 880 Ρο55.
1141 813 1171 896 Ι,

104 928 134 1010 2,
161 927 222 987 154
246 924 339 1008 (236)
365 923 491 986 Charis.
519 927 579 988 183
604 927 640 988 Ρ.
664 927 817 1011 (198,19
842 927 945 1010 Keil.)

208 1030 444 1117 pallidulus
471 1031 521 1113 65,
547 1034 565 1093 6
589 1034 782 1116 pallidulum
809 1055 944 1098 manans
970 1031 1063 1094 alluit
1085 1027 1175 1091 unda

102 1139 237 1221 pedem’.
274 1136 400 1200 Eodem
425 1136 585 1201 adiectiro
611 1161 684 1202 usus
709 1146 759 1204 est
780 1141 964 1203 Hadrianus
988 1159 1038 1222 ap.
1061 1135 1173 1219 Spart.

101 1242 205 1308 Hadr.
243 1245 283 1306 25
320 1263 401 1326 quac
426 1242 595 1328 (animula)
627 1267 711 1309 nunc
736 1247 837 1311 abibis
861 1248 893 1310 in
917 1248 990 1310 loca
1011 1242 1176 1326 -palli-

103 1348 188 1431 dula,
213 1348 327 1432 rigida,
351 1350 481 1412 nudula.

210 1455 501 1539 perlucidulus
538 1462 597 1543 69,
627 1461 647 1522 4
681 1479 745 1522 555
771 1459 798 1522 51
822 1459 911 1520 illam
936 1477 1027 1520 rarae
1050 1453 1175 1517 labefa-

104 1567 172 1624 ctes
195 1583 327 1625 munere
352 1566 453 1628 vestis
471 1572 585 1630 -aut
608 1565 798 1650 perluciduli
821 1563 946 1627 deliciis
970 1560 1107 1647 lapidis'.
1130 1598 1171 1607 —-

103 1665 298 1751 Exemplum
333 1669 484 1735 adiectivi
519 1671 709 1735 deminutivi
746 1691 818 1733 oum
839 1669 952 1754 partic.
985 1666 1062 1753 ‘per'
1088 1685 1175 1728 oom-

102 1773 198 1857 positi
222 1780 348 1858 praeter
370 1777 432 1839 hoc
456 1798 519 1840 non
544 1784 633 1841 extat
656 1784 798 1849 certum,
829 1797 904 1839 nam
929 1774 995 1838 Oic.
1020 1772 1060 1835 dc
1086 1776 1169 1835 orat.

104 1877 134 1961 2,
160 1881 211 1962 35,
238 1883 300 1944 150
324 1883 443 1966 aliquot
466 1884 557 1947 codd.
582 1886 615 1947 in
639 1884 690 1946 his
715 1883 896 1946 Turicensis
920 1880 1040 1944 habent
1062 1897 1174 1961 per-

103 1987 265 2069 paulum
301 1988 398 2071 idque
433 1995 597 2074 receptum
634 1989 805 2053 aKlotzio
837 1994 869 2050 et
894 1985 1051 2070 Kaysero.
1099 1981 1175 2046 Nisi

104 2091 184 2154 forte
208 2093 289 2156 illud
312 2095 735 2178 peradulescentulus
758 2094 855 2179 (Nep.
880 2091 971 2162 Eum,
999 2094 1026 2173 1,
1050 2089 1086 2174 4)
1103 2090 1173 2153 huc

104 2198 231 2261 trahere
254 2200 344 2280 velis,
370 2202 403 2263 in
429 2223 491 2285 quo
516 2222 575 2285 ego
600 2223 662 2264 non
685 2222 836 2286 repugno.

211 2307 453 2388 turgidulus
480 2309 516 2389 3,
550 2309 582 2368 18
600 2313 654 2369 555
671 2328 754 2368 nunc
770 2326 867 2391 opera
880 2324 970 2366 meae
985 2302 1113 2388 puellae
1128 2339 1173 2349 -

104 2410 208 2474 flendo
223 2413 380 2496 turgiduli
394 2414 509 2476 rubent
521 2414 634 2475 ocelli’.
648 2413 792 2476 Eandem
807 2432 916 2474 vocem
930 2409 1027 2472 habet
1040 2406 1172 2469 Paulin.

105 2516 194 2580 Petr.
232 2520 261 2598 5,
295 2521 359 2582 450
383 2519 423 2582 de
447 2520 510 2582 iam
534 2521 704 2604 turgidulis
728 2520 918 2582 numerabat
940 2516 1056 2579 damna
1078 2534 1172 2576 racc-

105 2623 173 2686 mis.
218 2622 272 2687 Ad
305 2627 498 2689 sententiam
535 2647 760 2711 comparavere
795 2627 893 2710 intpp.
917 2623 1035 2687 Tibull.
1071 2621 1112 2705 (Ι,
1141 2624 1171 2703 8,

106 2729 164 2812 68)
187 2735 218 2792 55
234 2734 289 2793 555
304 2731 368 2794 1515
385 2731 461 2795 11555
473 2732 596 2794 lumina
608 2732 691 2796 fessa
707 2738 839 2795 tument.
853 2733 995 2814 Propert.
1012 2728 1029 2791 Ι
1044 2728 1113 2809 (21,
1134 2726 1171 2810 3)

105 2835 160 2918 qui
182 2843 293 2899 nostro
317 2837 438 2921 gemitu
462 2839 622 2921 turgentia
645 2839 766 2901 lumina
789 2844 925 2923 torques.

211 2943 411 3006 uvidulus
433 2940 499 3025 1111,
535 2946 576 3006 63
600 2945 765 3008 uvidulam
790 2966 809 3006 a
831 2944 910 3006 fletu
935 2941 1102 3006 cedentem
1128 2939 1168 3000 ad

104 3049 222 3132 templa
246 3048 339 3112 deum
363 3050 434 3113 me’.
464 3049 702 3114 Viridulum
726 3072 744 3113 5
768 3051 906 3113 fluctu
935 3048 974 3113 V.
1000 3047 1168 3110 Coniectu-

104 3174 156 3217 ras
193 3155 258 3217 fere
290 3156 471 3219 innumeras
495 3156 610 3240 quibus
634 3159 720 3221 hunc
742 3178 869 3221 versum
892 3153 1093 3239 temptabant
1115 3153 1170 3216 ho-

105 3259 206 3323 mines
246 3259 334 3323 docti
367 3261 510 3326 videsis
534 3285 584 3348 55.
610 3262 820 3327 Schwabium.
866 3262 938 3346 Ego
963 3281 1034 3324 cam
1057 3259 1169 3324 lectio-

104 3387 178 3429 nem
217 3388 311 3450 quam
351 3389 448 3453 supra
488 3370 620 3434 exhibui
655 3376 687 3434 et
711 3390 806 3453 quam
828 3374 916 3432 recte
939 3367 1003 3430 iam
1026 3365 1169 3430 Muretus

105 3475 277 3558 explicavit
306 3475 434 3538 omnino
466 3476 667 3539 retinendam
691 3496 761 3539 esse
785 3495 898 3538 censeo
923 3473 1071 3558 idemque
1096 3494 1169 3537 cen-

106 3587 238 3644 suerunt
260 3583 428 3645 novissimi
451 3582 590 3646 editores
614 3581 802 3645 Schwabius
826 3586 858 3644 et
881 3580 1067 3643 Muellerus.

212 3687 274 3751 His
298 3689 374 3751 addi
398 3695 537 3773 possunt

210 3793 490 3858 febriculosus
515 3797 544 3876 6,
561 3796 581 3857 4
596 3815 707 3859 verum
721 3793 912 3877 nescioquid
927 3792 1113 3856 febriculosi
1126 3831 1168 3839 -

106 3901 202 3963 scorti
226 3901 356 3984 diligis'.
403 3899 540 3964 Videtur
563 3903 625 3964 hoc
656 3901 851 3964 adiectirum
885 3900 972 3963 idem
995 3899 1047 3961 hic
1071 3898 1168 3980 signi-

103 4006 198 4069 ficare
210 4005 296 4090 quod
312 4006 399 4092 apud
410 4006 585 4090 Vegetium
602 4007 670 4071 feb
682 4030 695 4069 r
705 4008 715 4071 i
727 4029 768 4070 co
778 4028 792 4069 s
803 4027 823 4068 u
834 4028 860 4089 5,
878 4006 999 4069 55111555
1012 4005 1168 4085 febriens,

104 4112 187 4176 febri
220 4113 379 4178 laborans.
425 4112 500 4177 Alio
538 4135 634 4184 sensu
668 4115 783 4198 legitur
817 4115 879 4177 hoc
901 4112 1090 4176 vocabulum
1117 4131 1167 4194 ap.

108 4216 191 4281 Gell.
216 4219 269 4302 20,
298 4223 325 4302 1,
348 4220 389 4285 21
415 4240 489 4283 nam
511 4222 643 4285 morbus
672 4223 705 4286 in
728 4222 791 4285 ista
812 4222 884 4306 lege
907 4240 971 4283 non
995 4217 1167 4283 febriculo-

105 4344 160 4388 sus
195 4346 301 4410 neque
324 4327 458 4390 nimium
480 4328 600 4412 gravis,
615 4328 671 4393 ubi
695 4334 744 4392 est
766 4327 850 4391 febri
874 4327 1055 4408 comitatus,
1085 4321 1167 4386 febri
