2566 4762
549 203 761 267 -54-

121 397 207 482 quod
244 396 364 462 frustra
402 396 545 462 defendit
581 398 829 482 Hertabergius.
880 395 965 461 Vide
995 397 1113 482 ipsum.
1147 439 1193 448 -

123 510 269 580 Νειλώῑης,
289 513 418 565 ualdus
438 503 565 568 Graeci.

228 606 420 693 Nyctcis,
449 610 476 693 Ι,
508 614 538 694 4,
564 611 583 676 ἶ)
606 617 642 675 tu
665 612 742 674 licet
764 609 926 696 Antiopae
957 610 1094 675 formam
1126 611 1193 697 Ny-

122 713 243 778 cteidos
267 719 299 777 ct
323 720 357 777 tu
384 756 428 764 -
451 716 629 802 Spartanae
653 718 774 781 referas
796 717 949 781 laudibus
971 715 1193 782 Hermionae’.

229 819 438 887 Oronteus
462 824 489 900 Ι,
513 825 576 909 2‚3
601 829 657 887 aut
672 823 751 908 quid
766 822 911 887 Orontea
931 822 1037 886 crines
1061 823 1195 908 perfun-

124 927 200 1013 dere
224 950 334 993 murra
358 951 385 994 e.
410 952 440 1016 q.
457 933 493 998 s'.

227 1035 496 1102 Perimedeus
519 1039 569 1121 ΙΙ,
594 1041 625 1122 -l,
644 1041 691 1103 ’18
715 1059 780 1102 non
806 1039 858 1103 hio
880 1038 981 1104 herba
1003 1040 1104 1126 valet,
1128 1061 1196 1105 uon

81 1206 86 1217 ,
121 1141 175 1207 hic
197 1151 355 1209 nocturna
378 1147 509 1232 Cytaeis
540 1188 582 1197 -
612 1168 678 1211 non
700 1147 909 1213 Perimedeae
932 1148 1077 1232 gramina
1100 1154 1196 1212 cocta

121 1251 258 1317 aanor.
306 1252 353 1317 of.
379 1254 512 1317 meon.
537 1254 570 1338 2,
605 1237 649 1319 15
676 1275 722 1339 sq.
746 1258 880 1337 φάρμακα
899 1263 981 1325 aare,
1008 1260 1120 1336 aaa
1143 1276 1196 1328 xs-

123 1359 216 1430 ρείονα
234 1358 306 1429 μήτε
326 1377 351 1411 τι
365 1363 470 1435 Κίρκης
482 1391 514 1398 -
526 1363 597 1434 μήτε
616 1379 642 1414 τι
660 1362 786 1432 Μηδείας
804 1360 876 1430 μήτε
889 1358 998 1428 ξάνθης
1017 1359 1195 1433 Περιμήδης.

122 1446 182 1511 Est
204 1448 316 1512 eadem
340 1470 422 1533 quae
444 1449 587 1514 Homero
613 1449 703 1514 audit
722 1454 867 1527 Ἀγαμήδη
890 1448 999 1531 Illi,
1027 1450 1100 1514 740.
1115 1448 1194 1514 Vid.

122 1554 223 1639 intpp.
248 1555 289 1618 ad
313 1556 478 1621 Theocriti
503 1564 536 1621 et
558 1555 722 1642 Propertii
745 1555 846 1618 locos.

229 1661 446 1728 Phaeacu's
469 1663 532 1746 IV,
562 1665 588 1747 1,
613 1665 651 1727 51
679 1682 740 1726 neo
762 1681 834 1724 mea
857 1661 1024 1727 Phaeacas
1048 1669 1195 1747 aequent

122 1768 268 1853 pomaria
291 1769 412 1833 silvas’.
436 1810 480 1818 —
509 1769 714 1833 Phaenius
739 1768 851 1832 dixere
874 1767 1024 1831 Tibullus
1041 1767 1084 1852 (Ι,
1101 1768 1132 1850 3,
1152 1769 1191 1855 3)

123 1881 155 1938 et
187 1876 336 1940 Ovidius.
368 1918 411 1926 -
442 1884 565 1940 Φαιακιά
595 1877 716 1961 legitur
740 1897 792 1960 ap.
817 1873 928 1961 Steph.
951 1875 991 1940 B.
1015 1874 1105 1942 Suid.
1131 1898 1193 1962 pro

123 2002 161 2045 eo
185 1982 272 2068 quod
294 1984 397 2068 magis
420 1984 577 2048 usitatum
600 1988 669 2047 erat
696 1990 824 2044 Φαιακίς.

229 2107 480 2174 Philetacus
510 2109 575 2190 IV,
609 2109 646 2192 2,
678 2109 720 2172 52
744 2128 799 2172 ora
821 2106 993 2172 Philetaea
1015 2113 1130 2172 nostra
1153 2109 1195 2173 ri-

122 2214 212 2298 gavit
235 2215 336 2298 aqua'.
360 2215 398 2280 cf.
421 2216 463 2299 V,
487 2217 516 2298 6,
542 2219 561 2279 3
585 2222 671 2280 serta
692 2214 874 2280 Philetaeis
897 2218 1020 2280 certent
1041 2213 1197 2278 Romana

124 2321 305 2408 corymbis’.

230 2429 399 2494 rcridus
430 2430 476 2512 V,
508 2433 545 2513 4,
577 2431 618 2495 48
650 2435 685 2494 tu
716 2450 794 2494 (aare
824 2427 946 2512 spinosi
970 2425 1079 2492 rorida
1101 2432 1195 2512 terga

123 2534 211 2619 iugi’.
256 2535 379 2599 Eadem
409 2556 488 2600 voce
517 2556 596 2600 usus
621 2541 670 2600 est
691 2534 791 2620 Apul.
814 2540 890 2599 met.
916 2537 945 2617 4,
972 2535 1011 2617 1]
1037 2554 1078 2597 au
1101 2532 1194 2618 igno-

122 2663 175 2705 ras
197 2642 257 2704 hoc
281 2662 383 2726 genus
406 2642 532 2707 bestiae
554 2644 644 2707 lucos
670 2643 808 2707 consitos
831 2645 865 2705 ct
887 2661 1004 2727 specus
1020 2640 1146 2705 roridos
1161 2647 1195 2705 ct

122 2749 225 2815 fontes
249 2770 403 2813 amoenos
430 2770 555 2835 semper
577 2750 752 2814 incubare?

231 2857 335 2920 Thio
345 2856 589 2921 damonteus
613 2858 641 2941 Ι,
656 2856 710 2941 20,
723 2859 742 2919 6
756 2856 1010 2921 Thiodamauteo
1025 2852 1194 2941 proximus

124 2963 218 3027 ardor
240 2963 371 3049 Hylae’.

229 3068 373 3155 thyius
403 3069 466 3154 IV⁷
497 3069 538 3154 6,
562 3071 604 3134 49
629 3069 686 3134 sed
709 3068 801 3157 thyio
824 3068 967 3133 thalamo
1002 3072 1059 3133 aut
1081 3066 1197 3134 Oricia

124 3175 307 3240 terebintho
342 3219 386 3228 -
424 3185 456 3243 ct
493 3178 611 3242 fultum
641 3177 754 3264 pluma
780 3175 973 3240 versicolore
1003 3176 1120 3261 caput’.
1142 3174 1198 3241 Ita

124 3281 334 3346 emendarunt
367 3283 443 3348 Itali
475 3284 625 3349 vitiosam
659 3282 812 3346 librorum
844 3281 1040 3368 scripturam
1075 3280 1195 3349 ohic.

123 3386 331 3453 Adiectivum
355 3390 497 3476 thyius
523 3391 637 3455 eadem
654 3388 861 3475 proportione
881 3383 1053 3454 formatum
1077 3406 1153 3453 esse
1175 3410 1196 3455 a

123 3495 251 3558 nomine
274 3507 329 3559 aaa
351 3497 405 3560 vel
427 3505 505 3570 otor,
534 3497 654 3583 quaid
677 3495 766 3582 quod
790 3500 839 3560 est
870 3495 1023 3558 citrius
1058 3495 1196 3581 (promi-

124 3622 201 3666 scue
224 3601 346 3666 dictum
361 3603 444 3667 illud
458 3626 516 3689 pro
542 3604 716 3687 citreus)
740 3623 760 3665 a
779 3602 860 3665 citro
875 3602 941 3666 iam
955 3599 1195 3685 Hertzbergius

123 3708 267 3792 monuit,
305 3709 361 3794 qui
398 3709 484 3774 idem
524 3708 724 3795 comparavit
754 3708 918 3794 Theophr.
941 3707 1016 3770 hist.
1040 3705 1082 3792 pl.
1105 3706 1196 3789 v,3

123 3823 173 3897 ὕλη
193 3827 368 3900 Μακεδονικὴ
387 3828 488 3895 ἔχουσα
507 3829 598 3892 aaron,
622 3822 659 3880 ut
673 3815 840 3882 verissimo
864 3815 991 3902 scripsit
1010 3812 1197 3898 Scaligerus

124 3944 182 4008 pro
220 3943 259 3986 eo
298 3924 384 4006 quod
421 3923 591 4008 legebatur
627 3923 722 4008 vulgo
756 3933 883 3988 saror.
925 3920 986 3985 Est
1011 3938 1088 3984 vero
1111 3919 1199 3984 illud·

125 4041 205 4091 aaron
227 4030 280 4096 vel
303 4044 360 4098 aaa
378 4031 504 4096 arboris
528 4051 647 4095 nomen
670 4030 753 4096 benc
777 4031 910 4112 olentis,
934 4048 1030 4113 quam
1052 4026 1199 4092 Romani

125 4138 333 4223 appellabant
357 4139 482 4202 citrum.
511 4138 559 4204 Of.
572 4160 650 4225 quos
672 4137 904 4223 Hertzbergius
922 4134 1034 4200 citavit
1048 4132 1198 4220 Hesych.

119 4266 147 4305 s.
176 4264 200 4307 r,
223 4245 323 4310 Hom.
352 4245 411 4311 Od.
437 4248 467 4329 5,
493 4249 536 4310 60
559 4246 668 4331 ibique
691 4244 822 4330 Didym.
837 4247 870 4307 et
884 4241 1037 4306 Eustath.
1048 4261 1081 4326 p.
1097 4240 1199 4305 1523.

94 4346 214 4412 Athen
266 4352 299 4419 V
324 4375 359 4440 p.
392 4357 471 4422 207.
499 4354 669 4443 Theophr.
690 4354 727 4418 b.
748 4351 796 4438 pl.
814 4349 863 4434 V,
880 4350 917 4414 b.
932 4347 1041 4411 hiatu
1066 4344 1208 4413 butum.
