2566 4762
541 271 761 336 -21-

203 470 433 532 inrnmator
459 467 567 549 10,12
590 466 781 552 praesertim
804 465 918 551 quibus
935 471 1021 530 esset
1038 468 1184 530 inruma·

112 579 163 638 tor
185 613 230 623 -
252 573 400 660 praetor’.
424 572 569 637 thilles
592 572 731 636 Statius:
754 573 946 658 praesertim
962 572 1079 658 quibus
1096 576 1185 637 esset

113 680 289 743 insumator
304 718 347 728 -
362 680 417 765 qui
439 686 620 764 praetorem
643 678 798 742 haberent
813 678 1020 742 libidinosum
1044 700 1081 742 ao
1103 679 1184 743 luxu

113 785 287 870 perditum.
336 783 428 857 Quod
451 792 561 849 eontra
586 783 785 868 Scaligerus:
818 784 956 867 foedum,
980 783 1091 869 iuquit,
1114 804 1184 850 ver-

113 891 190 955 bum
221 913 283 978 quo
314 899 495 978 praetorem
519 891 570 956 hio
594 891 724 976 apellat,
758 911 821 953 non
844 892 948 975 prima
972 912 1029 954 sua
1053 891 1183 955 notione

113 998 334 1084 accipiendum
358 1004 418 1062 est.
467 995 532 1060 Sed
554 998 601 1060 ita
623 996 781 1059 vocabant
803 995 949 1060 homines
972 997 1113 1079 infestos,
1147 1003 1184 1061 ut

113 1110 224 1167 eontra
254 1105 359 1189 spuroi
390 1103 501 1168 eadem
523 1103 695 1166 tralatione
719 1101 909 1165 dicebantur
934 1101 1079 1166 homines
1103 1102 1183 1167 nulli

113 1211 171 1274 rei.
218 1209 312 1283 Quod
336 1209 405 1272 dixi
429 1230 469 1273 ue
494 1210 563 1294 quis
588 1207 709 1293 aliquid
731 1207 817 1272 foedi
840 1207 899 1272 sub
924 1229 963 1271 ea
987 1208 1184 1292 apellatione

113 1316 278 1379 enunciari
293 1322 396 1400 putet.
414 1315 562 1378 Glossae:
579 1334 713 1399 spurous
731 1324 841 1399 ἀχρεῖος
857 1321 889 1377 et
905 1312 990 1397 apud
1006 1312 1183 1376 Lucillium

113 1443 260 1507 spureo
292 1441 360 1486 ore
390 1441 454 1484 uon
482 1425 532 1484 est
561 1419 595 1483 id
626 1418 709 1504 quod
740 1421 903 1505 explicare
932 1439 996 1482 non
1030 1417 1106 1482 sinit
1129 1439 1182 1482 me

112 1527 213 1611 pudor
235 1549 335 1591 meus.
382 1526 536 1590 Lucillius
559 1525 628 1610 (ap.
652 1525 734 1589 Non.
757 1548 790 1612 p.
816 1526 896 1610 394)
919 1530 1053 1611 praetor
1074 1529 1183 1588 noster

113 1632 220 1696 adhue
244 1654 339 1719 quem
363 1652 478 1717 spureo
503 1638 551 1695 est
575 1652 628 1695 ore
652 1631 736 1717 quod
759 1653 869 1696 omnes
892 1671 936 1682 -
960 1635 1053 1695 extra
1076 1634 1183 1694 eastra

112 1746 147 1803 ut
170 1746 290 1803 stereus
313 1739 396 1802 foras
421 1739 514 1802 eieoit
538 1737 579 1801 od
602 1738 721 1801 unum'.
745 1777 789 1789 —-
810 1738 856 1804 At
888 1738 973 1804 enim
1001 1736 1030 1801 si
1052 1742 1182 1823 praetor

112 1852 181 1909 erat
211 1847 305 1910 homo
342 1865 498 1930 nequam,
537 1843 708 1907 admodum
742 1844 898 1909 credibile
937 1849 986 1907 est
1022 1862 1086 1907 non
1123 1841 1183 1928 pili

111 1971 184 2016 eum
216 1952 330 2016 fecisse
366 1952 538 2032 eohortem,
580 1951 698 2036 quippe
728 1951 782 2035 qui
816 1951 899 2014 nihil
930 1948 1020 2013 aliud
1052 1948 1116 2013 nisi
1147 1954 1183 2012 ut

112 2057 258 2144 expleret
281 2057 430 2122 libidines
454 2078 529 2121 suas
555 2056 718 2140 cogitaret.
742 2057 815 2121 Huo
839 2055 963 2120 assedit
991 2054 1075 2142 quod
1109 2053 1183 2140 ipso

111 2162 258 2228 vocabuli
303 2162 400 2228 huius
443 2162 632 2247 significatio
675 2184 738 2226 non
783 2163 860 2226 sinit
896 2164 990 2226 aliter
1024 2161 1182 2248 explicari

112 2268 232 2334 Oatulli
266 2269 365 2334 verba
400 2290 494 2355 quam
518 2269 696 2352 explicavit
721 2267 852 2332 Statius.
900 2268 1101 2353 Quapropter
1118 2288 1182 2331 non

108 2375 210 2459 probo
244 2373 402 2460 Scaligeri
435 2375 750 2461 interpretationem,
786 2376 844 2439 etsi
880 2395 949 2438 eam
986 2375 1103 2458 repetit
1138 2371 1180 2436 ad

109 2480 163 2562 28,
190 2483 218 2544 7.
236 2520 279 2530 -
295 2481 441 2546 blandem
464 2502 576 2545 vorem
599 2481 699 2544 habet
722 2480 821 2544 Firm.
845 2481 926 2545 Mat.
951 2480 981 2561 8,
1006 2481 1066 2544 20:
1085 2486 1182 2543 sexto

109 2606 187 2670 pars
223 2585 323 2650 Tauri
356 2588 384 2652 si
418 2588 453 2650 in
495 2589 670 2672 horoscopo
707 2586 804 2669 suerit
846 2588 995 2669 inventa,
1036 2584 1181 2648 exoletos

109 2681 187 2756 faoit
221 2700 252 2757 et
287 2693 328 2758 ad
363 2713 457 2758 omne
503 2693 697 2780 impuritatis
728 2692 840 2756 vitium
874 2691 1060 2777 adplicatos,
1098 2693 1183 2756 inru-

111 2805 266 2882 matores‚
310 2799 477 2883 cinaedos,
511 2805 544 2863 et
574 2819 653 2885 quos
693 2800 801 2883 gravis
831 2819 956 2884 semper
992 2799 1100 2883 pulset
1136 2797 1184 2862 in·

111 2905 221 2970 lamia.

200 3010 339 3097 Reliqua
362 3012 560 3077 substantiva
581 3012 661 3076 haee
677 3017 753 3076 sunt

200 3118 321 3181 aoina
344 3120 397 3194 27,
433 3122 453 3183 4
477 3124 514 3182 ut
536 3119 590 3182 lex
612 3119 800 3183 Postumiae
823 3117 913 3182 iubet
934 3119 1111 3202 magistrae
1135 3157 1179 3167 -

111 3221 236 3286 ebriosa
270 3223 363 3287 seina
394 3223 599 3288 ebriosioris’.
624 3224 712 3290 Citat
734 3224 820 3288 huno
842 3225 947 3289 looum
972 3224 1097 3289 Gellius
1120 3224 1181 3307 VI,

111 3329 164 3412 20,
191 3331 209 3392 6
242 3331 332 3395 ouius
361 3327 442 3395 haer
472 3336 547 3395 sunt
569 3330 667 3395 verba
699 3331 867 3395 emendata
889 3333 948 3395 illa
971 3329 1012 3396 ab
1034 3332 1181 3418 Hauptio

109 3434 175 3498 ind.
198 3435 269 3500 leot
292 3436 390 3501 berol.
416 3442 493 3501 aest.
519 3439 602 3503 1857
626 3459 657 3523 p.
675 3441 704 3502 4.
730 3438 880 3503 Catullus
905 3459 1029 3526 quoque
1053 3441 1182 3524 elegan-

111 3540 251 3606 tissimus
274 3550 440 3627 poetarum
463 3543 497 3606 in
519 3543 606 3608 hisee
631 3544 781 3609 versibus
805 3545 959 3628 ‘minister
976 3546 1077 3610 vetuli
1100 3568 1180 3632 puer

110 3645 301 3711 Falerni-
324 3648 425 3712 Ebria
447 3648 635 3732 (ebriosa
658 3648 748 3731 libri)
772 3650 865 3713 aoina
889 3652 1084 3716 ebriosioris‘
1108 3675 1180 3718 oum

111 3752 218 3818 dicere
233 3755 343 3840 ‘ebrio’
359 3756 540 3840 (ebrioso
563 3757 655 3840 libri)
673 3763 780 3841 posset
796 3762 829 3820 et
843 3757 929 3841 quod
944 3765 1016 3822 erat
1032 3761 1180 3824 usitatius

110 3860 237 3924 acinum
261 3863 295 3924 in
317 3868 433 3926 neutro
457 3881 575 3946 genere
605 3865 778 3948 appellare,
811 3886 922 3929 amaus
943 3872 1052 3931 tamen
1074 3869 1181 3934 hiatus

108 3967 198 4034 illius
221 3967 377 4031 homerici
400 3969 591 4032 suavitatem
615 3969 757 4053 ‘ebriam’
776 3970 996 4056 (ebriosam
1018 3975 1111 4061 libri)
1134 3975 1179 4040 di·

108 4072 160 4136 xit
174 4077 306 4158 propter
320 4073 516 4159 insequentis
540 4095 560 4138 a
582 4074 711 4140 litterae
728 4083 925 4142 concentum.
949 4079 1013 4154 Qui
1034 4081 1179 4166 ⁴ebriosa’

108 4176 268 4262 (ebrios
290 4178 380 4264 libri)
404 4186 512 4244 autem
529 4178 693 4246 Oatullum
715 4182 836 4248 dixisse
851 4190 966 4270 putant
989 4193 1045 4250 aut
1064 4186 1178 4272 ⁴ebrio·

109 4283 155 4347 so’
188 4283 390 4370 (ebriosos
420 4286 512 4372 libri)
529 4325 573 4337 -
588 4309 664 4352 nam
685 4287 719 4354 id
742 4311 867 4376 quoque
883 4297 1006 4357 temere
1023 4293 1177 4379 seriptum

107 4389 603 4459 invenitur-inlibrossoilioet
613 4393 653 4458 de
664 4396 820 4482 corruptis
831 4398 1176 4486 exemplaribusiaotos
