2566 4762
498 220 757 286 '-53-

223 411 278 498 Gy
287 432 407 495 gaeus
418 410 533 495 1V‚1o,
544 412 695 498 18Lydia
710 411 842 498 Gygaeo
856 418 957 477 tincta
968 416 1078 499 puella
1090 418 1183 482 laeu'.

113 519 202 582 Plin.
227 520 257 582 h.
293 541 323 581 n.
347 521 378 601 5,
412 519 455 583 29
491 517 566 602 (30)
598 521 660 582 110
690 541 730 582 ex
762 540 822 604 quc
846 521 1024 605 profluente
1048 521 1184 588 Pactolo

112 625 290 712 eodemque
315 625 536 715 Chrysorrhoa
571 648 608 690 ac
642 627 731 690 fonte
756 627 853 690 Tarni
884 627 1082 692 aMaeoniis
1108 630 1184 694 civi·

112 738 163 794 tas
202 732 273 816 ipsa
307 730 403 816 Hyde
441 732 581 795 vocitata
619 738 668 795 est
704 733 791 795 clara
828 739 941 817 stagno
973 733 1115 820 Gygaeo.
1140 779 1184 787 —

113 838 212 902 Hom.
237 838 275 900 ll.
300 839 330 919 2,
354 840 435 901 865:
461 842 501 900 υἷε
524 847 715 917 Ταλαιμένεος,
736 844 772 899 roi
792 846 901 916 Γυγαίη
920 848 981 900 τέκε
999 850 1092 919 λίμνη.

217 943 450 1009 hederosus
483 943 524 1028 V,
560 947 590 1028 4,
630 947 649 1007 3
680 944 770 1006 lucus
807 949 876 1007 erat
913 943 993 1009 felix
1026 945 1181 1018 hederoso

111 1050 259 1113 conditus
283 1052 395 1115 antro’.

218 1157 408 1244 Hylaeus
446 1156 479 1240 I,
512 1156 614 1237 1‚·13
644 1155 700 1218 ille
735 1156 831 1218 ctiam
854 1156 986 1242 Hyllaoi
1010 1179 1182 1224 concussus
1227 1211 1232 1221 .

109 1264 243 1328 vulnere
265 1265 348 1328 rami
370 1304 414 1314 —
438 1264 566 1327 saucius
588 1260 738 1325 Arcadiis
767 1263 901 1349 rupibus
924 1264 1100 1349 ingemuit’.
1130 1267 1182 1330 Ita

112 1378 319 1435 correxerunt
353 1372 491 1436 Perreus
529 1375 561 1433 et
595 1369 725 1434 Vclsus.
781 1368 811 1432 N
841 1371 969 1456 psylli
1008 1370 1037 1434 G
1067 1367 1180 1457 psili.

111 1477 187 1542 Vid.
211 1478 402 1561 Hertzberg.

219 1585 419 1670 Hyllcus
458 1584 491 1668 Ι,
530 1586 566 1668 8,
606 1584 647 1647 26
687 1588 719 1645 ct
756 1582 832 1646 licet
866 1582 1004 1677 Hylleis,
1038 1584 1095 1647 illa
1129 1585 1179 1648 fu-

106 1697 187 1754 tura·
202 1690 326 1755 meast'.

215 1797 492 1883 Lycomedius
515 1797 564 1879 V,
592 1796 623 1879 2,
647 1798 689 1860 51
712 1803 856 1880 tempore
881 1817 942 1880 quo
966 1798 1063 1860 sociis
1090 1798 1178 1861 venit

107 1903 324 1988 Lycomedius
360 1904 459 1967 armis
493 1943 537 1950 —
572 1908 669 1987 atque
692 1903 814 1967 Sabina
836 1903 894 1966 feri
919 1903 1064 1966 contudit
1088 1920 1189 1968 arma·

109 2010 205 2074 Tati’.
253 2011 301 2078 ef.
325 2009 411 2075 Fest.
436 2031 466 2096 p.
495 2010 572 2073 120:
603 2009 781 2073 Lucomedi
805 2032 824 2073 a
846 2010 929 2073 duee
952 2031 1009 2073 suo
1033 2010 1177 2074 Lucumo

107 2116 202 2201 dicti,
237 2118 292 2204 qui
321 2121 435 2203 postea
465 2117 625 2180 Luereses
656 2116 810 2203 appellati
841 2122 924 2200 sunt,
954 2116 1008 2180 ubi
1032 2116 1111 2179 haec
1135 2116 1174 2179 Ο.

106 2224 295 2288 Muellerus:
327 2244 379 2308 ,cx
414 2223 464 2287 his
492 2223 673 2307 intelligere
702 2223 783 2287 mihi
813 2224 939 2306 videor,
979 2222 1174 2286 Graeculum

107 2331 242 2413 aliquem
266 2331 320 2394 vel
341 2330 526 2394 Romanum
559 2329 728 2392 immodice
755 2331 1004 2413 graecissantem
1026 2329 1174 2414 Lycomi·

106 2436 220 2500 darum
251 2440 390 2520 gentem,
420 2455 503 2518 quae
534 2456 554 2497 a
582 2436 725 2520 Lyecmo
750 2436 808 2500 uel
835 2437 978 2500 Lucamo
1002 2455 1117 2500 nomen
1140 2442 1173 2500 ct

107 2543 261 2626 originem
284 2541 431 2623 ducebat,
455 2560 495 2602 ex
517 2539 629 2604 Attica
644 2541 848 2607 Messeniave
867 2544 901 2607 in
917 2543 1045 2606 Italiam
1068 2548 1171 2607 trans·

106 2652 234 2714 vexisse
257 2655 289 2713 et
311 2649 474 2712 Lucerum
498 2648 630 2733 stirpem
654 2670 695 2712 cx
718 2671 757 2713 ea
772 2650 954 2715 derivasse’.
983 2649 1101 2714 Melius
1119 2671 1173 2714 ex·

105 2757 238 2842 plicavit
261 2777 330 2820 rem
352 2754 598 2840 Hertzbergius,
621 2757 710 2820 cuius
733 2756 808 2821 vide
830 2757 1080 2822 adnotationem.

212 2863 491 2927 Menandreus
521 2861 571 2945 ΙΙ,
603 2864 640 2946 6,
664 2863 684 2928 3
708 2863 805 2928 turba
826 2863 1042 2928 Menandreae
1064 2865 1172 2928 fuerat
1263 2878 1268 2883 '

107 2991 166 3033 nec
190 2969 334 3033 Thaidos
374 2968 451 3032 olim
485 3008 529 3018 —
559 2971 670 3034 tanta’.
695 3011 738 3020 -
761 2970 1053 3036 Menandrieus
1076 2971 1174 3036 habet

107 3076 242 3139 Tertull.
267 3075 309 3138 de
331 3075 454 3159 palld
492 3097 625 3160 prorsus
663 3078 691 3140 si
730 3078 804 3162 quis
841 3078 1048 3143 Menandrico
1086 3080 1176 3141 fluxu

107 3185 279 3248 delicatam
316 3187 442 3246 vestem
479 3181 569 3245 humi
607 3184 775 3269 protrahat
807 3206 833 3251 e.
865 3207 895 3271 q.
921 3206 946 3250 s.
982 3225 1025 3233 —
1064 3202 1176 3254 Μενάν-

106 3310 196 3383 opas
217 3292 297 3355 Luc.

213 3396 456 3461 Menelaeus
487 3393 551 3476 III,
583 3396 612 3478 75
639 3396 679 3459 14
703 3418 777 3460 cum
800 3397 968 3461 Menelaeo
991 3403 1177 3482 surgerete

106 3505 267 3568 thalamo’.
294 3504 424 3573 (dracoi¹
438 3515 599 3569 Μενελάϊος.

213 3610 366 3675 Naicus
400 3611 475 3695 ΙΠ,
512 3611 563 3695 30,
593 3611 637 3676 40
673 3612 842 3697 supposita
879 3611 1043 3695 excipiens
1074 3609 1177 3673 Naiea

107 3718 191 3780 dona
214 3716 335 3780 manu’.
357 3758 401 3768 —
426 3729 545 3785 Ναῑακὸς
576 3718 710 3784 Anthol.
737 3721 787 3802 10,
811 3720 864 3801 21,
889 3719 908 3781 8
933 3717 1060 3781 Iacobs.

213 3821 414 3889 Neuricus
438 3827 479 3910 V,
497 3829 528 3909 3,
541 3829 560 3889 8
573 3831 606 3889 te
628 3825 722 3889 medo
741 3824 894 3890 viderunt
909 3825 1042 3889 iteratos
1058 3824 1181 3888 Baetra

107 3950 164 4014 per
203 3935 292 3994 ortus
324 3968 368 3975 —
398 3938 430 3997 te
467 3933 562 3998 modo
600 3932 723 3997 munito
755 3931 914 3997 Neuricus
943 3931 1045 3995 hostis
1076 3931 1178 4013 equo'.

106 4035 159 4099 lta
181 4038 367 4102 emendavit
389 4040 538 4105 Jacobus.
585 4041 752 4105 hericus
785 4039 816 4105 N
845 4041 1014 4104 euricus
1038 4038 1076 4104 G.
1100 4037 1175 4103 Vid.

106 4144 295 4230 Hertzberg.

212 4250 382 4317 Nilotes
404 4252 446 4335 V,
470 4254 501 4335 8,
517 4254 560 4316 39
583 4252 708 4318 Nilotes
730 4254 852 4320 tibicen
876 4261 954 4338 erat,
977 4253 1172 4318 crotalistria

104 4355 254 4440 Phyllis’.
299 4356 363 4423 Est
394 4356 556 4448 Scaligeri
583 4360 786 4428 emendatio.
815 4360 924 4427 ilud
940 4359 1070 4434 uus,
1092 4361 1204 4414 *smus
