2566 4762
573 191 798 260 ..39-

237 393 271 452 et

236 514 410 581 recrepo
447 493 499 579 63,
540 495 582 558 29
619 495 692 559 leve
726 499 912 579 tympanum
947 494 1097 578 remugit,
1135 514 1216 558 cava

145 599 293 687 cymbala
315 601 504 684 recrepant'.
551 599 675 664 Eodem
698 600 797 665 verbo
822 622 897 664 usus
928 606 978 664 est
1000 605 1108 665 auctor
1132 599 1215 666 (liris

149 706 215 772 108
236 727 332 793 scope
353 709 436 794 lapis
458 712 607 793 recrepat
631 706 779 793 Cyllenia
802 728 966 771 murmura
989 707 1108 792 pulsus.

521 956 570 1006 4.
590 953 841 1006 Adverbia.

234 1131 332 1218 Apud
355 1131 462 1196 solum
485 1131 649 1196 catullum
673 1134 878 1218 reperiuntur

237 1238 452 1324 amplifice
477 1239 529 1321 64,
552 1236 616 1303 265
633 1238 751 1304 talibus
765 1240 922 1325 amplifice
939 1243 1040 1306 vestis
1062 1241 1214 1306 decorata

145 1344 276 1429 figuris'.
322 1343 527 1409 Adiectivum
551 1345 634 1429 quod
658 1352 705 1409 est
728 1347 907 1431 amplificus
930 1354 1020 1412 extat
1041 1349 1150 1413 Front.
1175 1348 1215 1413 de

146 1451 230 1537 elcq.
254 1473 283 1537 p.
311 1453 374 1516 150
398 1451 447 1515 ed.
483 1451 608 1516 Naber:
639 1452 708 1534 tibi,
734 1451 863 1534 Caesar,
889 1453 1026 1518 sublime
1055 1454 1215 1518 61611661-

145 1579 216 1622 sum
240 1564 273 1622 et
297 1558 490 1643 amplificum
514 1560 678 1643 ingenium
701 1559 742 1624 ab
766 1560 816 1623 dis
839 1559 952 1622 datum
975 1566 1033 1624 est.

236 1664 376 1749 penite
405 1665 457 1748 61,
484 1666 547 1731 Ill
576 1665 625 1729 illi
652 1687 716 1731 non
747 1667 851 1731 minus
874 1686 913 1730 66
934 1666 994 1731 tibi
1018 1706 1061 1716 —
1084 1672 1215 1753 pectore

144 1770 250 1835 uritur
277 1771 390 1835 intimo
414 1810 458 1820 —
479 1772 623 1853 flamma,
660 1772 718 1836 sed
740 1775 848 1858 penite
882 1773 1006 1858 magis.²
1031 1815 1075 1823 —
1098 1774 1215 1860 Super-

145 1878 268 1942 lativus
301 1878 577 1963 penitissime
612 1878 729 1962 legitur
764 1880 873 1944 Sidon.
898 1901 948 1965 ep.
975 1883 1004 1964 4,
1029 1883 1047 1944 9
1072 1882 1214 1958 actiones

145 1984 217 2049 eius
241 1985 446 2071 quotidianas
469 1986 669 2071 penitissime
695 1991 727 2049 et
749 1987 839 2049 velut
863 2006 904 2049 ex
927 1987 991 2051 otio
1014 1986 1153 2072 inspexi.
1171 2027 1215 2040 -
1261 2030 1264 2036 ι

147 2089 300 2178 Compar.
331 2092 519 2178 penitius
547 2094 601 2179 qui
636 2094 712 2157 olim
742 2093 907 2157 serebatur
929 2094 1015 2160 Cels.
1041 2096 1071 2177 5,
1095 2096 1148 2177 28,
1175 2098 1212 2160 11

146 2197 362 2284 ¹penitiusque
379 2199 508 2264 condita
527 2199 767 2285 suppurationc’
785 2221 849 2264 non
865 2204 979 2265 extare
995 2200 1144 2284 inlibris,
1160 2201 1216 2285 qui

146 2303 268 2368 habent
278 2306 429 2391 penitus,
445 2307 511 2370 iam
523 2306 629 2391 Targa
642 2306 764 2370 monuit
779 2328 816 2370 ao
832 2308 961 2391 penitus
977 2308 1101 2394 scripsit
1116 2307 1216 2371 etiam

146 2411 409 2498 Darembergius‚
439 2415 633 2479 novissimus
659 2412 746 2478 Oelsi
769 2413 878 2477 editor.
894 2453 938 2463 —
954 2415 1105 2480 Ueterum
1129 2412 1215 2478 adie-

148 2519 267 2584 ctivum
291 2520 376 2604 quod
399 2527 448 2585 est
470 2521 610 2606 penitus,
635 2541 664 2603 6,
688 2541 752 2602 um,
783 2520 867 2584 unde
896 2519 1119 2584 deducendum
1137 2520 1216 2584 illud

146 2625 268 2709 penite,
293 2634 426 2713 excepto
450 2628 586 2692 fortasse
609 2625 772 2710 Vitruvio,
795 2633 926 2692 auctore
948 2626 1029 2689 haut
1053 2647 1131 2690 sane
1154 2625 1216 2689 ele-

148 2733 248 2816 ganti,
271 2754 334 2797 non
349 2735 511 2819 reperitur
526 2734 588 2798 nisi
604 2733 688 2819 apud
704 2734 870 2798 archaioos
894 2738 926 2798 et
949 2731 1077 2796 infimae
1101 2732 1215 2797 aetatis

146 2839 325 2924 scriptores,
349 2847 384 2904 ut
406 2846 485 2926 puta
507 2840 659 2905 Plautum
675 2840 856 2904 Varronem
880 2844 912 2903 et
933 2836 1108 2924 Apuleium
1130 2840 1216 2905 Mar·

145 2945 271 3009 tionum
295 2948 462 3033 Capellam
485 2947 604 3010 Iulium
626 2945 807 3010 Valerium.

234 3051 408 3117 Memorari
431 3054 531 3118 etiam
554 3058 661 3124 notest

234 3160 398 3225 mimice
421 3161 474 3242 42,
504 3162 523 3224 8
548 3160 605 3224 illa
628 3180 726 3244 quam
749 3158 865 3223 videtis
882 3195 926 3206 -
941 3163 1035 3243 turpe
1065 3156 1215 3224 incedere

143 3265 272 3330 mimice
296 3288 334 3331 ac
356 3268 491 3332 moleste
506 3267 722 3330 -ridentem
739 3266 839 3329 catuli
866 3285 919 3330 ore
937 3264 1120 3328 Gallicani'.
1156 3264 1216 3330 Est

145 3371 289 3438 Turnebi
311 3373 509 3458 emendati03
532 3374 607 3438 libri
630 3372 827 3456 mirmice,
858 3393 916 3458 pro
940 3393 1004 3457 quo
1030 3369 1214 3457 Scaligerus

141 3478 392 3564 rhythmice.
417 3479 541 3545 Eodem
565 3479 718 3543 adverbio
742 3479 795 3542 usi
822 3484 895 3543 sunt
921 3477 1031 3542 Senec.
1057 3483 1157 3542 contr.
1183 3476 1214 3562 2,

147 3583 228 3668 125
253 3588 271 3649 5
296 3586 409 3655 Burs:
446 3588 560 3652 incidit
588 3589 622 3652 in
652 3586 863 3650 meretricem·
883 3586 967 3649 inter
997 3585 1104 3649 omnia
1126 3585 1215 3649 mala

144 3691 241 3755 etiam
270 3693 439 3759 fecundam
461 3716 536 3760 vere
561 3693 707 3777 mimice,
737 3693 793 3757 ubi
817 3694 918 3777 vulgo
941 3713 1108 3778 perperam
1130 3694 1215 3778 lege·

144 3796 304 3862 batur-
330 3839 370 3849 -
394 3801 576 3865 fecundam.
623 3801 709 3865 Vere
733 3800 894 3881 inimicae,
932 3799 1015 3885 quod
1050 3821 1068 3864 e
1103 3800 1214 3866 codice

143 3926 199 3970 suo
224 3907 367 3972 correxit
393 3908 542 3973 Bursian.
590 3908 723 3971 Tertull.
749 3907 833 3992 apol.
858 3907 899 3970 46
923 3906 1051 3971 mimice
1073 3906 1214 3992 philoso-

142 4013 201 4097 phi
243 4013 395 4078 affeotant
432 4015 602 4080 veritatem
631 4021 663 4079 et
693 4012 872 4078 affectando
913 4017 1128 4098 corrumpunt,
1158 4011 1214 4076 ubi

142 4118 254 4184 eodem
277 4141 407 4207 prorsus
431 4121 521 4205 vitiu,
545 4118 629 4206 quod
645 4118 787 4183 Senecae
809 4118 908 4184 verba
924 4120 1115 4206 inquinavit,
1138 4117 1214 4182 Ful-

142 4223 248 4291 densis
270 4227 368 4292 habet
390 4227 569 4310 inimici,
592 4225 821 4310 Agohardinus
844 4225 1058 4290 inimicae.
1093 4223 1211 4290 Veram

142 4333 315 4400 lectionem
337 4335 481 4402 servarit
503 4332 682 4399 Gothanus.
