2566 4762
548 220 768 282 ...24-

494 521 544 575 92.
568 519 816 572 adlectiva.

210 670 454 761 Adiectirorum
483 672 585 757 primo
613 671 744 756 quidem
774 672 846 736 loco
870 675 1069 762 enumerabo,
1089 676 1192 742 demi-

121 778 243 860 nutiva‚
279 777 421 842 secundo
446 780 635 864 composita,
672 780 765 842 tertio
794 778 1042 866 denominativa,
1076 791 1191 869 quarto

122 884 152 948 si
175 905 238 970 qua
259 891 381 948 restant
402 884 477 948 alia.

211 991 255 1055 Et
279 992 318 1054 de
343 991 573 1056 adiectivorum
596 991 707 1055 formis
733 991 902 1057 deminutis
918 1015 1001 1078 quae
1015 1005 1193 1063 occurrunt

123 1095 209 1182 apud
233 1096 405 1180 Catullum,
443 1098 507 1161 iam
542 1096 702 1182 Hauptius
733 1097 817 1163 dixit
852 1101 919 1165 obs.
957 1104 1037 1167 critt.
1071 1127 1103 1190 p.
1140 1109 1194 1190 14,

122 1205 177 1289 qui
201 1205 307 1268 omnia
331 1205 479 1288 exempla
503 1203 674 1287 diligenter
697 1206 824 1289 collegit
846 1207 885 1269 cf.
910 1209 1005 1271 etiam
1022 1209 1060 1274 L.
1077 1210 1191 1277 Muell.

120 1310 187 1374 iud.
212 1332 258 1395 gr.
286 1312 356 1373 130.
382 1310 422 1374 de
444 1331 480 1373 re
502 1316 592 1374 metr.
618 1312 659 1372 36
685 1310 769 1394 [add.
801 1313 970 1377 Heussner
1002 1317 1126 1381 observ.
1156 1339 1191 1404 p.

122 1418 164 1480 38
188 1417 258 1502 sqq.
286 1456 329 1466 -
356 1416 427 1480 Iam
451 1416 628 1502 singularia
651 1422 763 1480 extant
787 1419 873 1505 apud
900 1422 1058 1487 Catullum
1092 1423 1191 1488 haec:

211 1548 443 1615 eruditulus
467 1549 519 1630 57,
535 1550 552 1612 7
578 1549 708 1631 gemelli
731 1551 856 1635 utrique
872 1590 915 1601 —
931 1574 994 1617 uuo
1010 1554 1043 1617 in
1058 1555 1193 1640 lectulo,

121 1655 271 1720 erudituli
294 1656 409 1719 ambo'.
434 1655 608 1739 Vulgatam
639 1653 879 1720 distinctionem
914 1666 988 1743 post
1021 1660 1103 1725 illud
1136 1662 1192 1727 le·

123 1763 240 1826 ctulo
264 1761 383 1825 delevit
404 1761 568 1846 Meleager
593 1766 625 1824 et
656 1762 827 1846 significari
857 1771 950 1849 putat
979 1766 1192 1850 proverbium

120 1891 196 1934 uno
230 1869 270 1932 11
299 1869 460 1932 lectulo
484 1867 631 1951 edocti,
655 1868 701 1932 ita
724 1874 760 1932 ut
782 1868 875 1935 ambo
899 1871 932 1934 iu
956 1872 1103 1937 omuibus
1127 1874 1193 1938 sibi

121 1977 217 2063 plane
240 1975 360 2040 similes
384 1975 473 2038 etin
497 1974 610 2038 eodem
639 1976 732 2061 quasi
755 1976 874 2040 lectulo
898 1977 1112 2062 improbitatis
1135 2001 1193 2046 ne·

122 2082 228 2168 quiter
258 2082 406 2145 instructi
440 2081 680 2166 intellegantur.
727 2081 850 2146 Eadem
873 2084 987 2170 Vulpii
1018 2088 1192 2170 sententia,

122 2189 178 2274 qui
207 2188 290 2252 illud
319 2186 470 2252 erudituli
500 2187 700 2251 referendum
727 2209 796 2253 6666
820 2196 927 2254 censet
950 2191 990 2254 ad
1022 2192 1192 2255 seientiam

122 2297 326 2378 flagitiorum,
351 2315 447 2380 quam
471 2295 512 2358 ad
536 2295 688 2359 amussim
711 2303 842 2381 uterque
866 2298 1013 2361 calluerit
1038 2299 1110 2361 coll.
1127 2298 1191 2363 Pe·

122 2403 216 2467 tronii
251 2402 345 2488 (140)
369 2402 493 2466 verbis:
536 2422 594 2466 nec
632 2422 666 2466 se
702 2404 856 2468 reiciebat
879 2426 898 2468 a
921 2405 1089 2469 blanditiis
1124 2404 1192 2468 do-

124 2510 341 2574 ctissimus
376 2529 466 2594 puer,
500 2508 556 2573 ubi
579 2508 779 2574 doctissimus
805 2511 890 2574 idem
924 2512 967 2575 sit
1001 2510 1085 2597 quod
1120 2532 1190 2574 om·

122 2617 157 2680 ui
194 2616 337 2701 nequitia
378 2615 529 2679 imbutus.
568 2654 612 2664 -—-
648 2615 718 2700 Ego
757 2637 832 2680 vero
879 2638 950 2680 cum
987 2616 1191 2682 Rossbacbio

121 2723 179 2788 illa
213 2743 294 2807 quae
330 2728 407 2786 sunt
430 2723 568 2807 ‘gemelli
592 2723 779 2808 utrique-
799 2744 862 2787 uuo
895 2724 929 2786 11
964 2725 1091 2789 lectulo’
1116 2746 1191 2789 con·

122 2829 284 2914 iungenda
307 2850 380 2893 esse
404 2830 468 2913 aio,
503 2851 576 2893 cum
611 2830 754 2914 alioquin
792 2850 947 2916 perquam
986 2830 1193 2895 incommode

123 2938 211 3001 notio
234 2937 392 3021 generalis
408 2975 452 2984 -
468 2937 596 3020 gemelli
613 2938 740 3021 utrique
757 2938 812 3022 (cf.
827 2937 906 3002 Hor.
920 2958 969 3022 ep.
987 2939 1013 3018 1,
1030 2939 1080 3020 10,
1094 2938 1130 3023 3)
1146 2976 1193 2988 -

122 3044 227 3130 posita
250 3050 339 3107 esset
361 3043 443 3106 iuter
460 3043 608 3106 notiones
625 3044 840 3128 speciales-
855 3042 995 3107 morbosi
1010 3044 1130 3129 pariter
1146 3084 1192 3094 -

124 3151 274 3214 erudituli
286 3149 380 3214 ambo
393 3190 436 3200 —-
452 3170 554 3214 vorax
566 3149 688 3214 adulter
700 3189 744 3199 -
757 3150 873 3214 rivales
886 3151 1002 3234 sociei;
1025 3150 1122 3214 verba
1136 3171 1193 3213 au-

122 3262 187 3322 tem
218 3258 346 3341 gemelli
368 3296 411 3306 -
434 3256 552 3322 lectulo
583 3256 622 3320 de
655 3257 743 3342 turpi
775 3257 1005 3320 cousuetudine
1032 3257 1193 3342 interpre-

123 3363 221 3428 tanda
254 3384 350 3449 quam
385 3383 459 3426 cum
489 3362 652 3427 Mamurra
676 3362 797 3427 Caesar
830 3363 980 3427 habebat.
1026 3362 1097 3425 Iam
1131 3362 1192 3428 illo

124 3469 293 3534 ‘erudituli’
327 3469 413 3533 haud
443 3469 578 3533 obscure
610 3469 770 3554 siguificat
805 3476 900 3555 atque
923 3469 1099 3553 proscindit
1127 3469 1192 3534 ele·

124 3584 251 3661 gentem
282 3576 372 3640 illam
405 3576 618 3641 eruditionem
649 3597 746 3662 quam
777 3584 855 3641 tunc
886 3578 1039 3661 temporis
1069 3577 1192 3642 iactare

126 3684 272 3748 solebant
301 3684 447 3749 homines
470 3684 636 3768 ingeniose
660 3704 805 3768 nequam.
853 3684 896 3747 Et
918 3683 1032 3748 similis
1054 3682 1193 3748 Doerin·

124 3790 169 3875 gii
200 3810 325 3875 quoque
357 3791 517 3855 sententia
550 3788 687 3854 ridetur.
722 3789 897 3853 Hominum
926 3789 1093 3854 doctorum
1117 3811 1192 3854 con·

124 3895 263 3962 iacturas
291 3896 399 3962 videre
430 3903 478 3960 est
501 3918 554 3982 ap.
579 3895 793 3978 Schwabium,
818 3897 872 3982 qui
897 3903 1026 3960 secutus
1049 3897 1120 3981 ipse
1143 3902 1192 3961 est

124 4001 281 4087 Meleagri
302 4003 603 4089 interpunctionem.

214 4137 437 4201 floridnlus
463 4139 514 4219 61,
542 4139 603 4200 189
627 4156 712 4200 uxor
733 4135 767 4201 11
789 4136 932 4201 thalamo
955 4137 1113 4202 tibist-
1136 4157 1191 4204 ore

125 4243 269 4308 floridulo
302 4244 430 4308 nitens‘.
477 4242 632 4308 Similiter
662 4263 760 4328 supra
790 4244 833 4327 (v.
858 4244 917 4330 57)
945 4244 1091 4309 floridam
1120 4245 1191 4329 ipse

124 4350 304 4437 puellulam
329 4389 367 4399 -
385 4350 477 4417 dedis
500 4351 656 4436 agremio
679 4371 756 4415 suae
778 4389 824 4400 —
844 4351 967 4416 matris.
992 4350 1087 4417 Orid
1110 4350 1190 4416 Met.
