2566 4762
569 204 784 270 „51-

138 406 203 470 inc.
226 404 290 468 fab.
315 406 345 468 6.
369 424 401 488 p.
425 405 490 467 259
511 403 608 470 Ribb.
631 403 757 468 ciconia
789 401 888 467 etiam
921 407 1015 488 grata
1043 404 1215 488 peregrina

139 512 269 598 hospita
298 551 343 561 -
376 511 613 596 pietaticultrix
642 510 816 597 gracilipes
848 510 1043 574 crotalistria
1065 551 1109 561 —
1131 510 1213 574 avis.

140 619 180 683 cf.
216 619 347 683 Patron.
386 619 439 682 55.
500 617 592 683 Idem
613 617 833 684 'uocabulum
872 617 1046 682 restituere
1082 615 1215 680 volebat

138 724 352 789 Heinrichius
368 723 481 789 quen.
500 731 560 790 sat.
583 724 615 809 Ι,
640 726 702 788 116
731 744 881 810 quaeque
906 725 1050 789 salutato
1075 723 1215 810 crepitat

142 831 324 898 Concordia
346 830 434 914 nido,
457 831 514 896 ubi
536 831 594 897 illc
619 829 825 896 scribendum
849 851 922 896 csse
938 829 1081 895 censuit:
1097 828 1213 914 cuique

143 939 286 1004 salutato
321 938 456 1024 crepitat
490 937 683 1002 crotalistria
717 936 803 1020 nido,
827 956 909 1022 quae
930 935 1028 1002 verba
1050 934 1096 1002 ita
1117 934 1214 1002 inter-

141 1049 291 1129 pretatus
326 1048 395 1110 cst:
431 1042 498 1108 und
532 1044 603 1130 (die
626 1041 775 1108 Gottheit
797 1060 841 1110 sc.
865 1042 988 1128 pictas)
1011 1040 1152 1107 welcher
1173 1061 1214 1106 nu

141 1150 256 1216 Ehrcn
280 1149 338 1214 der
366 1147 481 1214 Stcreh
504 1150 673 1235 klappert,
697 1169 732 1213 so
756 1147 805 1212 oft
827 1168 863 1213 er
887 1169 927 1212 nn
949 1146 1060 1211 seinen
1081 1145 1213 1232 Jungcn

142 1256 399 1340 zurichgekehrt
432 1255 486 1320 ist.
532 1254 647 1340 Neque
680 1254 793 1340 negari
815 1259 929 1339 potest,
953 1253 1148 1338 scripturam
1171 1253 1213 1319 ab

141 1361 331 1426 Heinrichio
355 1360 557 1447 propositam
578 1362 675 1446 longe
697 1359 944 1446 praeferendam
968 1379 1038 1424 csse
1061 1359 1212 1425 contortis

142 1469 209 1534 illis
233 1468 516 1555 explicationibus,
536 1469 653 1555 quibus
668 1468 863 1554 interpretes
879 1467 1028 1532 traditam
1042 1466 1213 1533 lectionem

145 1576 230 1640 tucri
254 1576 466 1642 conabantur.
513 1576 563 1643 cf.
586 1575 721 1642 Publilii
744 1574 846 1640 verba
871 1595 972 1660 supra
995 1574 1105 1657 allata,
1128 1595 1214 1660 quae

143 1683 258 1747 cadem
279 1682 494 1747 Heinrichius
518 1681 559 1746 ad
583 1682 803 1747 coniecturam
827 1701 920 1747 suam
942 1679 1135 1746 firmandam
1157 1680 1213 1746 ad·

145 1789 261 1853 hibuit.
285 1789 420 1855 lahnius
436 1794 545 1855 tamen
561 1795 592 1855 et
606 1789 816 1854 Hermannus
831 1788 931 1853 libros
954 1789 1059 1854 secuti
1079 1791 1211 1853 sunt.—

141 1894 195 1961 Ad
213 1895 350 1961 formam
366 1895 548 1980 comparari
570 1901 709 1983 possunt
731 1896 812 1961 talia
835 1895 945 1982 qualia
968 1900 1045 1959 sunt
1060 1894 1213 1982 cymbali·

141 2003 221 2068 stria
257 2002 415 2085 Patron,
452 2001 555 2067 Orelli
578 2003 672 2067 inser.
716 2002 802 2069 2449
838 2023 886 2087 sq.
925 2008 1079 2085 ὁρχήστρια
1115 2002 1213 2088 Poll,

143 2108 260 2196 Chrys.
286 2108 327 2173 cf.
352 2108 464 2172 Thom.
488 2107 532 2173 M.
555 2130 588 2194 p.
613 2107 696 2193 256,
718 2109 748 2174 4.
771 2108 811 2173 R.
834 2107 1066 2196 tympanistria
1100 2106 1212 2174 Sidon.

143 2226 352 2297 τυμπανῑστρια
379 2213 493 2298 Dem,
515 2213 622 2302 Luc).
646 2255 690 2264 —
714 2215 864 2280 Ceterum
887 2214 1024 2281 verbum
1046 2215 1215 2281 crotalisso

142 2319 228 2384 unde
267 2320 491 2385 deducendum
523 2322 606 2386 illud
640 2322 837 2387 crotalistria
872 2325 964 2387 extat
996 2320 1140 2387 Macrob.
1171 2321 1212 2389 de

141 2426 208 2491 diff.
244 2429 298 2513 21,
332 2430 363 2492 8.
398 2433 476 2493 sunt
497 2429 657 2514 quaedam
694 2430 791 2494 huius
824 2430 948 2495 formae
979 2428 1040 2514 (sc.
1063 2429 1211 2516 frequen-

140 2534 281 2620 tativae)
321 2536 392 2600 sine
428 2535 611 2602 substantia
645 2536 854 2623 principalis:
889 2536 1098 2623 cyathissare,
1128 2541 1209 2623 tym-

140 2641 319 2729 panissarc,
343 2643 556 2710 crotalissare.
586 2654 736 2728 κροταλίζω
758 2643 845 2731 apud
868 2644 1014 2710 Graecos
1029 2643 1164 2731 passim.

567 2961 779 2973 -Q

553 3191 611 3284 II.
644 3191 803 3285 Latina.

494 3369 529 3421 1.
559 3367 853 3423 NomIna.

248 3531 291 3575 as
305 3532 321 3574 s
333 3531 351 3575 e
365 3533 380 3576 s
393 3532 468 3576 sus
490 3511 533 3595 V,
547 3512 599 3595 11,
611 3511 653 3576 50
665 3511 833 3596 quaelibet
844 3518 990 3578 austeras
1007 3510 1210 3577 demeteret

138 3637 221 3681 urna
243 3617 382 3683 tabellas
404 3617 449 3670 -'
470 3619 596 3706 turpior
619 3638 746 3685 assessu
769 3638 834 3684 non
857 3620 923 3683 erit
944 3619 1012 3682 nlla
1033 3618 1128 3683 mco’.

248 3729 471 3790 cantamen
493 3726 542 3808 V,
582 3726 621 3808 4,
644 3724 686 3791 51
710 3724 738 3789 Ο
761 3724 887 3789 utinam
909 3723 1057 3809 magicae
1079 3742 1209 3790 nossem

141 3829 329 3894 cantamina
358 3830 494 3898 Musae'.
539 3830 665 3897 Eadem
694 3851 757 3896 vox
779 3830 943 3918 reperitur
966 3827 1055 3915 apu'd
1077 3829 1209 3895 infimae

140 3936 260 4000 aetatis
295 3937 467 4023 scriptores
503 3938 542 4002 cf.
564 3936 663 4024 Apul.
687 3936 729 4004 de
755 3958 840 4024 mag.
864 3938 917 4003 43.
942 3935 995 4003 84.
1023 3939 1153 4002 metam.
1177 3936 1215 4020 2,

141 4042 203 4123 223
226 4040 374 4106 Hildebr.
398 4040 440 4107 ad
463 4063 491 4106 c.
516 4044 579 4107 102
603 4043 643 4107 de
664 4063 749 4128 mag.

249 4152 504 4213 memorator
541 4148 614 4233 IV,
649 4150 688 4227 l,
724 4149 767 4214 33
795 4167 855 4213 nec
877 4165 942 4212 non
963 4147 1019 4213 ille
1040 4147 1092 4212 tui
1113 4167 1210 4213 casus

141 4259 338 4318 memorator
360 4254 524 4320 Homerus
539 4255 791 4342 -posteritate
814 4272 910 4320 snum
932 4272 1078 4321 crescere
1101 4253 1214 4319 sensit·

139 4360 241 4444 opns’.
263 4362 542 4434 memoratrix
563 4360 823 4432 dixitllalcrius
834 4360 991 4427 sucu
1005 4352 1240 4434 *seuerum
