2566 4762
545 178 745 246 „4-

110 394 175 462 qua
199 376 309 441 omnia
332 375 469 440 collecta
494 379 569 440 sunt
591 375 766 457 vocabula,
798 395 881 461 quae
904 380 961 439 aut
984 374 1070 461 apud
1097 374 1180 439 solos

110 502 250 565 creticos
281 506 337 564 aut
361 508 444 565 certe
467 522 532 564 non
554 501 616 565 nisi
640 499 725 585 apud
749 500 879 563 ultimos
903 501 1077 585 scriptores
1104 501 1179 562 lati-

109 646 167 690 nos
190 627 352 710 leguntur.
397 624 541 689 Aecum
566 624 700 688 etmihi
725 628 812 687 essct
834 644 1032 709 persuasum,
1056 624 1178 707 Zange-

109 752 295 815 meisterum
319 747 398 833 quid
420 747 651 833 praestandum
675 752 762 810 esset
778 747 807 810 ei
823 747 879 831 qui
902 747 1038 810 similem
1062 752 1180 810 tracta-

110 882 162 941 ret
184 876 355 939 materiam
384 874 548 937 luculento
583 873 730 958 exemplo
762 871 1008 953 demonstrasse,
1039 871 1178 936 eundem

110 1020 173 1084 quo
188 1020 265 1064 usus
288 1001 344 1064 ille
369 1000 525 1083 ordinem,
549 1000 652 1085 quoad
668 1020 727 1085 per
749 999 942 1084 scriptorum
959 998 1178 1062 diversitatem

110 1124 181 1190 fieri
215 1126 326 1207 licuit,
362 1126 395 1189 in
445 1126 633 1210 digerendis
666 1125 830 1189 vocabulis
867 1125 1007 1209 seruari,
1032 1129 1177 1187 ceterum

110 1270 182 1313 cum
212 1250 365 1335 temporis
400 1251 572 1335 augustiae
606 1271 658 1314 me
692 1257 877 1336 premerent
906 1251 1010 1315 minus
1033 1248 1206 1314 laboravi'

108 1374 141 1438 in
176 1375 312 1459 singulis
335 1374 466 1438 vocibus
502 1374 668 1438 doctrinae
704 1375 806 1459 copiis
840 1374 1062 1458 illustrandis,
1096 1393 1178 1458 quae

107 1498 218 1585 utique
239 1499 424 1562 necessaria
448 1502 540 1561 erant
564 1500 736 1559 contentus
762 1496 936 1562 addidisse.
961 1536 1003 1545 —
1042 1496 1081 1559 In
1104 1497 1174 1560 lau-

109 1621 224 1686 dandis
249 1623 441 1687 ereticorum
457 1621 605 1686 versibus
629 1621 668 1685 L.
685 1619 847 1705 Muelleri,
871 1627 907 1685 ut
928 1642 986 1707 par
1009 1625 1088 1703 erat,
1111 1621 1177 1684 edi·
1201 1673 1203 1677 .

107 1748 227 1811 tionem
250 1752 379 1812 secutus
403 1767 481 1811 sum.
510 1785 552 1794 —

215 1869 291 1936 Jam
322 1875 494 1954 antequam
529 1870 571 1934 ad
604 1869 706 1954 ipsius
728 1869 776 1932 rei
798 1870 1020 1934 tractationem
1043 1890 1176 1954 progre-

108 1996 201 2062 derer
231 1996 319 2060 hand
344 1996 485 2060 alienum
509 1996 586 2060 duxi
609 2015 859 2061 commemorare
883 1996 972 2080 illud,
995 2017 1058 2060 non
1081 2017 1175 2080 posse

107 2119 204 2184 facile
227 2120 396 2205 scriptores
411 2119 546 2204 reperiri
570 2119 714 2183 diutinae
743 2118 907 2183 societatis
931 2119 1056 2183 vinculo
1084 2120 1176 2182 artis-

108 2242 188 2305 sime
212 2242 410 2325 coniunctos,
430 2262 562 2327 quorum
585 2243 689 2327 magis
705 2242 834 2306 diversa
851 2261 947 2326 quam
970 2243 1084 2306 horum
1107 2243 1174 2307 fue-

106 2365 149 2428 rit
171 2365 284 2447 cratio,
301 2365 334 2428 id
351 2364 436 2449 quod
459 2385 531 2428 cum
555 2365 629 2428 aliis
654 2365 754 2430 rebus
777 2365 926 2450 plurimis
951 2372 1085 2452 apparet
1107 2372 1175 2430 tum

106 2488 239 2552 vocibus
269 2488 309 2552 ab
338 2487 452 2553 iisdem
483 2489 619 2554 novatis.
666 2488 779 2574 Neque
813 2489 896 2574 fugit
930 2511 968 2554 ea
997 2490 1176 2555 differentia

106 2613 297 2676 acerrimum
333 2612 479 2695 iudicem,
514 2613 578 2677 Jos.
604 2611 815 2697 scaligerum,
839 2615 933 2678 cuius
957 2616 1018 2678 hoc
1041 2619 1092 2679 est
1114 2636 1169 2679 ve-

104 2735 264 2800 rissimum
298 2735 452 2799 iudicium
475 2734 688 2820 (Scaligeran.
713 2735 762 2800 ed.
787 2735 1027 2803 AmsteL1740
1050 2758 1083 2822 p.
1108 2737 1164 2821 45)

104 2858 263 2944 ,Ostullus
301 2860 606 2925 observantissimus
637 2861 690 2925 vel
713 2861 951 2926 morosissimus
984 2861 1173 2931 obseruator

104 2987 257 3072 puritatis
280 2988 422 3052 Latinae
445 2987 586 3072 linguae,
612 2986 762 3050 Tibullus
796 2987 997 3052 tersissimus
1027 3008 1064 3051 ac
1099 2988 1173 3050 niti·

104 3108 255 3174 dissimus
278 3114 374 3195 poeta
396 3108 478 3190 fuit,
506 3107 694 3194 Propertius
717 3108 984 3193 castigatissimus
1007 3114 1119 3174 auctor
1143 3116 1175 3173 et

104 3212 375 3296 facundissimus?
421 3231 547 3304 Quibus
579 3231 728 3295 addenda
759 3253 840 3318 quae
864 3233 947 3297 dixit
968 3233 1116 3297 Muretus
1140 3232 1173 3295 in

104 3355 360 3441 praefationibus
397 3355 438 3420 ad
462 3353 581 3418 Catulli
606 3354 725 3422 Tibulli
749 3354 912 3440 Propertii
949 3356 1091 3420 carmina
1121 3357 1173 3439 (cl.

104 3502 153 3567 ep.
178 3481 222 3565 H,
250 3484 300 3547 tl.
328 3484 367 3547 13
392 3482 440 3547 ed.
466 3481 639 3564 Tauchn.),
674 3480 729 3564 qui
762 3481 808 3544 ita
842 3481 926 3545 hanc
949 3480 1170 3567 quaestionem

103 3611 292 3693 persecutus
335 3611 405 3689 est,
440 3604 521 3670 nihil
554 3609 591 3667 ut
612 3623 664 3667 me
688 3603 819 3688 quidem
842 3605 948 3670 iudice
972 3605 1037 3669 diei
1070 3606 1175 3691 possit

103 3730 230 3794 melius.
278 3731 316 3794 Id
351 3730 436 3816 quod
470 3748 633 3813 nunquam
662 3727 863 3811 intellegitur
887 3731 999 3816 magis,
1023 3752 1118 3816 quam
1144 3731 1173 3794 si

103 3849 191 3914 illius
215 3851 278 3915 viri
294 3851 532 3949 elegantissimi
555 3871 627 3915 cum
641 3850 848 3936 Hertzbergii
871 3853 1001 3938 placitis
1025 3855 1172 3940 (quaestt.

102 3974 266 4062 Propertt.
289 3998 320 4062 p.
357 3978 398 4040 56
434 3978 494 4062 sq.)
544 3976 781 4062 comparaveris
827 3976 989 4042 iudicium.
1047 3976 1174 4061 Quippe

104 4096 253 4163 Catullus
292 4120 331 4163 ea
364 4099 471 4164 floruit
504 4100 633 4184 linguae
657 4100 780 4164 latinae
805 4106 913 4166 aetate
936 4121 1018 4188 quae
1042 4122 1062 4166 a
1086 4100 1174 4166 (lice-

102 4243 182 4291 rone
204 4244 321 4288 nomen
345 4224 466 4311 adepta
490 4229 548 4309 est,
571 4225 629 4290 ubi
650 4224 749 4311 patrii
773 4226 929 4290 sermonis
953 4224 1083 4291 castitas
1098 4244 1174 4289 non-
