2566 4762
533 234 748 301 -45-

97 429 230 495 monuit
263 412 438 512 Dissenus3
469 429 511 494 Is.
535 429 671 493 Vossius
702 430 756 513 (ad
780 431 894 515 peripl.
918 431 1014 495 Pont.
1037 431 1120 496 Eux.
1144 455 1175 519 p.

100 538 179 624 81.)
202 536 391 624 Sigynos
415 536 590 619 0111005,
607 537 644 620 93
667 537 731 622 Ap.
745 538 806 602 Rh.
821 541 851 622 4,
875 538 949 604 320.
983 539 1009 602 Ι.
1033 540 1076 603 Η.
1093 540 1176 605 Vos·

74 645 172 715 ,sins
198 644 280 708 satis
303 650 424 707 temere
449 642 652 727 Gelonos3
682 646 721 708 L.
744 644 921 710 Muellerus
950 645 1175 713 Macrones.

100 750 287 835 Equidem,
322 751 469 834 quamvis
504 751 646 815 arrideat
669 751 818 815 Muelleri
855 754 1060 837 coniectura,
1084 755 1177 819 inre

99 864 170 921 tam
192 856 319 920 lubrica
342 856 498 920 librorum
522 858 710 942 scripturam
732 859 933 922 retinendam
957 880 1026 924 0000
1050 882 1177 944 000000,

100 964 295 1051 praesertim
331 984 403 1026 cum
438 964 551 1047 isqui
576 965 703 1050 scripsit
725 964 787 1028 hoo
813 987 943 1030 carmen
967 967 1177 1033 abstrussima

102 1090 251 1157 quaeque
275 1075 307 1133 et
330 1091 350 1133 a
373 1070 490 1133 notitia
512 1070 599 1154 vulgi
621 1071 836 1135 remotissima
859 1075 1038 1137 consectari
1063 1077 1175 1139 soleat.

212 1175 408 1241 Padaeus
438 1176 601 1261 11510010
624 1198 684 1240 000
708 1178 813 1241 saevis
838 1179 1006 1242 celebrans
1031 1181 1179 1245 convivia

102 1284 228 1347 mensis
267 1323 310 1331 —
345 1282 459 1345 ultima
482 1283 605 1346 vicinus
628 1283 765 1347 Phoebo
789 1289 877 1347 tonet
901 1306 982 1349 arva
1005 1286 1177 1350 Padaeus’.

102 1388 326 1454 Memorantur
349 1402 467 1454 Παδαῖοι
500 1387 669 1451 Herodoto
694 1390 724 1469 3,
750 1390 800 1452 99.
829 1389 889 1452 Est
911 1389 1024 1454 Indiae
1048 1391 1178 1477 quidam
1205 1453 1207 1457 ,

104 1496 257 1583 populus.

216 1600 302 1664 Illud
324 1601 501 1686 Diaspes
525 1601 611 1686 quod
634 1622 664 1664 v.
685 1603 748 1665 140
772 1602 847 1665 libri
869 1601 990 1666 habent
1012 1604 1099 1668 haud
1124 1605 1179 1670 du·

102 1706 159 1771 bie
194 1712 381 1791 corruptum
415 1714 465 1771 est
500 1728 541 1771 ex
575 1728 613 1771 co
638 1707 722 1793 quod
745 1709 869 1792 flagitat
892 1731 1004 1774 000000
1029 1709 1177 1795 quodque

104 1832 258 1897 recepere
282 1813 426 1877 hominos
450 1813 534 1877 docti
558 1812 775 1899 Choaspes.

215 1918 289 1983 Non
334 1920 441 2004 magis
488 1941 508 1983 a
552 1920 742 2006 panegyrici
787 1920 941 2005 scriptore
997 1922 1177 2006 profectum

106 2026 250 2091 videtur.

217 2133 408 2198 domator
437 2135 498 2197 116
530 2139 563 2197 10
594 2133 674 2196 (1000
698 2153 760 2195 000
784 2132 866 2195 alias
890 2153 1065 2197 conversus
1089 2138 1179 2218 terga

106 2238 256 2305 domator
279 2280 322 2289 —
345 2241 450 2305 libera
472 2240 639 2305 Romanae
662 2239 799 2303 subiecit
821 2238 905 2302 colla
929 2230 1084 2303 catonae’ss
1115 2239 1179 2304 Ne·

107 2366 172 2431 000
206 2347 292 2411 enim
328 2348 429 2411 habet
452 2347 534 2410 illud
557 2347 703 2410 domator
727 2367 788 2430 quo
811 2345 967 2408 referatur
990 2349 1078 2430 apte3
1102 2366 1178 2409 nam

105 2452 196 2540 quod
218 2452 375 2518 Dissenns
400 2454 528 2539 supplet
549 2455 722 2538 ‘equorum’
746 2453 842 2537 idque
858 2473 900 2516 ex
916 2451 1177 2516 antecedentibus

103 2558 205 2625 facile
240 2560 343 2645 repeti
378 2582 470 2645 posse
501 2567 626 2642 censet,
651 2566 782 2623 secutus
806 2565 854 2622 est
875 2559 929 2622 1110
952 2559 1082 2643 quidem
1107 2560 1179 2624 vul-

104 2686 221 2753 garem
256 2667 465 2752 interpretum
500 2667 781 2750 consuetudinem,
817 2667 871 2750 qui
894 2666 950 2729 ubi
972 2666 1091 2750 aliquid
1114 2687 1178 2730 non

103 2772 257 2857 intellegi
279 2779 388 2859 potest
404 2773 536 2837 eliciunt
551 2794 592 2837 ex
605 2774 840 2837 sententiarum
854 2773 977 2836 scilicet
989 2773 1177 2837 condicione

101 2880 217 2945 nescio
241 2880 319 2966 quid
341 2902 403 2964 quo
428 2886 626 2944 sustentetur
641 2880 797 2944 vacillans
813 2880 969 2944 librorum
985 2881 1177 2964 auetoritss3

103 2986 166 3051 sed
200 3008 306 3072 00000
339 2988 435 3052 facile
470 3009 511 3052 cx
546 2987 810 3052 antecedentibus
843 2988 946 3073 repeti
967 2994 1075 3073 potest
1096 2988 1176 3053 illud

103 3115 262 3180 equorum
296 3115 357 3158 nec
391 3115 466 3158 vcro
502 3094 630 3158 etiamsi
653 3094 756 3178 repeti
777 3100 887 3178 posset
909 3094 987 3157 satis
1012 3092 1178 3156 commodo

104 3200 196 3265 inter
230 3221 264 3264 se
298 3205 533 3285 opponerenter
568 3219 710 3283 eaquae
736 3206 812 3262 0001
835 3200 991 3285 ⁴domator
1015 3202 1177 3284 equorum'

103 3312 141 3371 01
166 3306 280 3392 ι1111000,
313 3305 482 3371 Romanae
516 3306 654 3370 subiecit
689 3306 771 3369 00110
794 3306 946 3371 catenae'.
994 3306 1068 3370 Non
1091 3307 1176 3370 enim

103 3412 168 3475 hoc
203 3411 309 3476 dicere
344 3411 483 3475 debebat
519 3411 668 3495 scriptor:
704 3411 758 3495 qui
793 3417 890 3475 antea
924 3433 1020 3497 equos
1044 3413 1176 3477 domare

103 3523 352 3600 consueverant,
376 3522 409 3581 te
432 3518 514 3581 duce
537 3538 556 3579 a
578 3516 735 3581 Romanis
759 3517 874 3581 domiti
906 3518 969 3603 ipsi
986 3524 1071 3599 sunt,
1100 3539 1175 3581 narn

106 3644 209 3709 00000
244 3623 376 3688 domare
406 3624 504 3687 etiam
535 3622 661 3686 subacti
684 3644 704 3685 0
725 3621 881 3686 Romanis
905 3629 1093 3708 potuerunt3
1118 3624 1178 3687 sed

102 3730 187 3794 haec
224 3731 333 3814 potius
369 3729 552 3814 postulatur
576 3728 756 3791 sententia:
779 3729 835 3812 qui
858 3735 954 3792 antea
976 3728 1094 3792 bellica
1117 3749 1177 3793 sua

105 3836 230 3901 virtute
254 3842 287 3900 01
310 3834 455 3920 equestri
477 3840 544 3897 arto
568 3833 677 3897 confisi
700 3833 782 3897 alias
807 3841 923 3918 gentes
946 3835 1131 3920 domabant,
1144 3841 1177 3899 te

107 3941 190 4005 duce
224 3941 335 4005 domiti
366 3940 429 4026 ipsi
452 3945 527 4003 sunt
550 3961 569 4003 a
591 3938 758 4003 Romanis.
806 3938 981 4025 ‘Gentium’
1005 3942 1103 4026 igitur
1125 3941 1178 4005 vel

106 4048 318 4135 ‘populorum’
367 4046 582 4132 supplendum
604 4051 705 4129 esset,
739 4047 824 4130 quod
849 4052 957 4112 tamen
980 4070 998 4114 0
1023 4050 1177 4113 sermonis

105 4154 200 4219 latini
235 4160 268 4217 01
302 4173 402 4218 00000
437 4152 573 4215 rationis
607 4152 736 4236 legibus
760 4172 825 4215 non
848 4154 954 4238 magis
977 4153 1047 4217 fieri
1070 4160 1178 4239 potest

105 4280 203 4345 quam
226 4259 314 4345 quod
336 4260 506 4347 proposuit
527 4258 695 4324 Dissenus.
739 4259 842 4324 Recte
865 4260 963 4344 igitur
987 4261 1026 4325 L.
1041 4259 1177 4325 Muelle-

105 4386 164 4431 rus
200 4367 328 4455 scripsit
364 4368 558 4433 domante
593 4388 651 4454 pro
674 4367 836 4454 ‘domator’
860 4388 921 4453 quo
945 4374 1078 4455 accepto
1103 4387 1176 4433 sen·
