2566 4762
534 227 745 292 „29.„

214 420 514 503 nemorivagus
542 420 593 503 63,
619 423 659 483 72
683 421 740 485 ubi
764 442 859 486 cerva
884 418 1091 504 silvicultrix,
1117 423 1174 488 ubi

103 543 184 609 aper
208 526 455 608 nemorivagus’.
486 526 656 591 Lueretius
680 529 720 591 ab
737 529 866 592 Achille
883 528 985 593 Statio
1010 551 1172 616 compara-

102 635 159 693 tus
190 628 274 694 dixit
314 632 360 696 lib
395 633 533 718 2(59l)
573 643 606 698 et
641 635 761 719 pabula
794 636 879 698 laeta
915 676 957 684 -
993 639 1173 720 montivago

103 735 220 818 generi
253 739 356 821 possit
393 739 547 824 praebere
585 739 733 803 ferarum.
781 741 936 805 Eiusdem
974 742 1174 806 formationis

103 847 181 903 sunt
203 843 412 929 multivagus,
436 848 637 930 noctivagus,
662 847 870 930 omnivagus,
893 847 1099 931 pontivagus,
1124 868 1174 912 re·

103 947 268 1031 mivagus,
293 950 461 1034 solivagus,
485 955 686 1037 volgivagus.

214 1069 244 1132 N
252 1073 316 1156 ysi
325 1094 427 1157 gena
452 1077 503 1157 54,
529 1077 593 1142 252
618 1083 651 1140 at
673 1083 766 1162 parte
792 1099 833 1141 ex
856 1078 920 1141 alia
953 1080 1070 1143 florens
1096 1081 1175 1145 voli·

104 1175 198 1240 tabat
231 1178 365 1244 Iacchus
397 1221 440 1232 -
472 1205 543 1246 cum
578 1185 680 1248 thiaso
716 1184 902 1269 Satyrorum
937 1192 970 1249 et
1003 1185 1175 1271 Nysigenis

109 1278 247 1346 Silenis'.
293 1284 360 1350 Res
384 1293 467 1351 nota.

215 1410 448 1475 omnivolus
466 1411 517 1494 68,
539 1414 600 1478 lto
615 1436 752 1478 noscens
769 1416 923 1479 omnivoli
935 1416 1074 1500 plurima
1090 1415 1176 1478 furta

105 1511 216 1577 Jovis'.
265 1516 459 1602 Appetentis
494 1520 651 1605 quidquid
685 1527 736 1584 est
765 1521 973 1584 formosarum
996 1521 1175 1604 puellarum

104 1626 194 1684 recte
217 1621 445 1708 intorpretatur
466 1627 617 1710 Doering.

214 1747 409 1834 pinnipes
434 1751 485 1832 55,
510 1752 550 1814 25
576 1773 639 1814 non
663 1751 772 1814 Ladas
796 1771 856 1833 ego
881 1750 1070 1835 pinnipesve
1093 1751 1171 1814 Per·

105 1852 201 1914 seus'.
247 1853 417 1938 Pinnipes
449 1859 602 1942 scripsere
637 1858 865 1921 Lachmannus
901 1875 1036 1938 eumque
1072 1857 1175 1920 secuti

105 1956 279 2021 novissimi
325 1960 465 2024 editores
506 1963 673 2047 Hauptius
719 1962 934 2025 Rossbachius
982 1962 1172 2025 Schwabius

106 2060 285 2128 Muellerus
309 2085 349 2128 ex
383 2065 424 2129 V.
449 2069 502 2151 qui
539 2068 636 2132 habet
670 2069 938 2153 primipesve;
972 2068 1175 2153 pennipes

105 2165 148 2229 D.
174 2168 239 2232 Our
262 2171 400 2236 Perseus
424 2171 547 2238 dicatur
570 2175 718 2260 pinnipes
743 2176 846 2238 sciunt
868 2173 970 2258 pueri.
995 2211 1038 2222 -

216 2291 362 2360 Eandem
384 2304 415 2362 et
437 2298 663 2364 formationem
687 2304 719 2362 et
742 2297 1005 2382 significationem
1029 2297 1126 2360 habet

217 2417 424 2506 plumipes
457 2425 508 2505 55,
532 2424 574 2487 27
602 2422 683 2485 adde
706 2421 768 2485 huc
791 2421 993 2506 plumipedes
1015 2420 1178 2484 volatiles·-

109 2519 190 2602 que’·
236 2523 267 2587 V
303 2527 535 2612 plumipedes,
575 2528 659 2614 quod
697 2529 728 2590 in
766 2529 841 2612 ipsa
882 2526 1044 2610 scriptoris
1077 2524 1177 2589 verba

108 2629 253 2715 recipere
275 2633 369 2697 veriti
402 2656 464 2698 non
499 2641 571 2699 sunt
614 2634 760 2718 Silligius
797 2633 936 2717 Heysius
973 2630 1174 2696 Schwabius.

110 2736 217 2802 (letari
240 2745 328 2803 recte
364 2741 583 2825 probaverunt
619 2741 816 2825 reliquorum
852 2737 941 2801 codd.
974 2739 1177 2822 scripturam,

108 2862 207 2927 quam
242 2839 306 2928 ego
342 2867 468 2932 quoque
499 2854 626 2910 secutus
650 2867 732 2908 sum.
780 2844 891 2930 Neque
915 2844 1000 2907 enim
1025 2843 1176 2928 scriptori

112 2949 234 3035 optimo
268 2954 440 3016 convenire
474 2960 551 3038 puto
585 2953 843 3016 terminationem
874 2970 1021 3034 graecam
1045 2949 1078 3011 in
1100 2968 1177 3012 voce

108 3054 222 3121 latina.
256 3096 301 3108 -
323 3058 374 3122 De
398 3057 489 3122 Calai
521 3065 553 3123 et
576 3059 676 3121 Zethe
711 3061 790 3122 haec
812 3056 913 3120 verba
947 3057 1174 3139 interpretatus

110 3166 161 3225 cst
182 3161 329 3227 Muretus
364 3166 455 3228 ouius
490 3167 635 3250 plerique
670 3165 864 3227 sententiam
894 3159 1174 3247 amplectebantur.

110 3265 198 3332 Vide
220 3269 302 3333 Aah.
329 3269 424 3334 Statii
447 3271 560 3356 Vulpii
583 3271 751 3353 Doeringii
775 3274 952 3332 commentt.

218 3378 463 3463 properipes
488 3380 540 3458 63,
557 3378 599 3441 24
617 3376 748 3461 rapidae
771 3375 884 3438 ducem
906 3379 1082 3459 sequuntur
1100 3372 1175 3437 Gal-

109 3481 164 3544 lae
185 3483 446 3567 properipedem'.
471 3484 523 3547 Ita
538 3504 579 3546 ex
602 3483 759 3546 librorum
782 3483 922 3545 lectione
955 3499 1101 3565 ,propere
1123 3500 1176 3563 pe·

110 3584 196 3649 dem’
236 3588 406 3654 restituere
450 3590 556 3653 Balth.
592 3589 738 3653 Venator
775 3593 807 3651 et
843 3587 877 3650 Is
921 3585 1065 3664 Vossius,
1104 3605 1176 3647 oum

108 3692 207 3779 vulgo
241 3715 409 3780 perperam
443 3697 607 3780 legeretur
654 3694 758 3779 pede
795 3711 989 3777 propero,
1028 3696 1175 3773 recteque

110 3796 319 3884 Doeringius,
344 3801 398 3886 qui
432 3807 539 3864 tamen
573 3801 606 3862 in
630 3804 779 3862 contextu
815 3797 975 3880 vulgatam
1000 3795 1176 3859 lectionem

110 3903 258 3987 exhibet,
296 3907 448 3972 observat
486 3926 595 3970 amare
633 3910 761 3990 poetam
791 3904 824 3967 in
845 3903 906 3967 hoc
930 3902 1070 3966 carmine
1094 3903 1180 3964 eius-

110 4009 202 4072 modi
233 4013 420 4097 composita.
447 4013 485 4076 cs.
511 4032 541 4075 v.
567 4014 608 4075 23
642 4011 788 4093 ederiger
812 4030 839 4072 v.
865 4011 904 4073 41
930 4010 1057 4094 sonipes
1080 4027 1109 4070 v.
1133 4009 1172 4070 51

112 4115 244 4201 erifuga
278 4137 308 4181 v.
344 4119 385 4183 72
419 4118 630 4198 silvicultrix;
661 4116 897 4199 nemorivagus.
943 4114 980 4177 cs.
1006 4113 1117 4179 Muell.
1142 4114 1177 4176 in

110 4219 178 4286 ind.
202 4243 249 4307 gr.
273 4244 296 4286 s.
319 4243 349 4289 v.
374 4223 561 4309 composita.
593 4261 636 4271 -
661 4220 884 4306 Oeleripes
908 4218 1017 4283 dixere
1041 4218 1107 4284 (iic.
1133 4216 1174 4279 ad

71 4372 78 4405 r
114 4326 180 4393 stt.
194 4327 226 4411 9,
245 4329 274 4411 7,
293 4330 320 4391 1.
336 4328 458 4393 Auson.
473 4329 574 4413 epigr.
596 4327 668 4408 137,
684 4325 735 4391 32.
748 4331 873 4410 parent.
887 4325 939 4406 27,
956 4326 985 4390 4.
