2566 4762
561 196 782 258 -22-

135 389 342 453 inciderunt'.
367 389 553 454 Schwabius
574 387 672 452 allato
692 389 790 453 Gellii
803 391 873 454 loco
894 396 999 455 recte:
1016 393 1079 456 alia
1094 394 1202 476 igitur,

135 495 247 582 inquit,
262 495 381 560 Catulli
394 498 593 582 exemplaria
605 496 798 580 temporibus
812 496 907 560 Gellii
924 499 984 561 hoo
999 499 1070 562 loco
1094 499 1204 564 ebria

134 603 269 684 acina,
298 603 381 687 quod
413 605 476 688 ipsi
508 603 615 667 Gellio
646 603 803 688 placebat,
828 606 893 668 alia
926 604 1094 669 ebrioso
1126 606 1203 669 aoi-

133 728 191 790 no,
215 709 282 771 alia
298 708 445 794 denique,
460 708 494 771 id
513 710 595 794 quod
607 730 642 774 re
665 729 743 773 vera
759 712 903 776 Catullus
923 712 1057 796 scripsit,
1076 712 1204 776 ebrio·

134 835 177 878 sa
200 815 318 878 acina
340 815 511 879 habebant.
527 853 568 863 -
584 815 783 880 Sententiam
806 818 970 901 perspexit
994 817 1125 898 Statius,
1149 819 1204 902 qui

91 953 94 957 ·
135 920 294 984 ebriosam
323 921 449 984 acinam
478 922 540 985 dici
564 922 604 985 ab
640 921 753 986 effectu
776 928 879 1006 putat,
902 922 986 1007 quod
1009 944 1056 1005 ea,
1088 923 1204 1006 idest,

134 1029 243 1092 vinum
274 1030 377 1113 ipsum
410 1029 514 1092 ebrios
546 1028 652 1110 faciat,
687 1035 912 1112 comparatque
937 1029 1008 1092 Tib.
1032 1028 1049 1092 Ι
1072 1028 1119 1112 (o,
1143 1029 1203 1113 28)

135 1134 191 1218 qui
214 1135 320 1199 sobria
351 1135 434 1198 dixit
456 1136 587 1220 pocula,
619 1134 733 1218 quibus
757 1154 857 1217 aquae
880 1134 1016 1196 multum
1040 1139 1124 1197 esset
1147 1133 1201 1196 ad·

135 1241 268 1305 mixtum
294 1248 394 1305 -at
423 1243 492 1326 ipse
523 1242 672 1305 bibebam
695 1240 869 1304 —sobria
899 1242 1062 1325 supposita
1084 1243 1201 1326 pocula

134 1346 236 1409 victor
269 1368 361 1431 aqua.
387 1346 537 1411 -Vide
569 1348 665 1410 etiam
700 1346 806 1409 Hand.
831 1347 880 1410 ad.
907 1346 1005 1410 (iren.
1038 1347 1132 1411 distr.
1169 1350 1203 1411 in

137 1449 231 1515 Statii
254 1453 326 1516 silv.
351 1453 484 1517 aXHl.
509 1475 540 1538 p.
569 1454 641 1534 132,
665 1455 719 1538 qui
742 1453 854 1516 eodem
877 1453 970 1516 modo
994 1474 1057 1538 quo
1076 1452 1199 1518 Statius

134 1557 218 1622 hanc
241 1559 426 1645 similesque
449 1560 626 1623 locutiones
649 1560 885 1644 interpretatur.

110 1768 114 1776 .
227 1711 440 1774 amarities
480 1712 531 1792 68,
569 1709 609 1773 18
641 1730 705 1771 non
737 1715 785 1772 est
820 1709 880 1774 dea
903 1710 1012 1774 nescia
1034 1709 1135 1772 nostri
1159 1749 1204 1760 -

137 1835 221 1900 quae
257 1815 381 1879 dulcem
419 1817 505 1878 curis
540 1816 654 1878 miscet
678 1815 875 1878 amaritiem’.
915 1813 1021 1898 Vulgo
1056 1814 1207 1878 dicebant

136 1923 386 1987 amaritudo.
409 1923 535 1987 Extant
552 1924 681 1986 omnino
706 1923 790 2008 apud
812 1921 937 2006 priscae
961 1921 1082 2004 pariter
1106 1928 1204 2006 atque

135 2029 221 2114 apud
243 2029 372 2093 infimae
394 2030 566 2094 latinitatis
590 2035 732 2093 auctores
755 2028 886 2092 nomina
909 2027 943 2090 in
965 2065 1009 2074 —-
1033 2027 1106 2089 ities
1130 2046 1205 2091 exe-

135 2135 226 2198 untia
260 2157 325 2199 non
360 2156 472 2220 pauca,
508 2156 589 2219 quae
625 2137 689 2198 alia
722 2135 934 2198 terminantur
969 2134 1094 2220 syllaba
1118 2137 1205 2219 apud

137 2242 308 2326 scalptores
340 2241 527 2325 Augusteae
559 2243 675 2305 aetatis
730 2241 891 2326 Exempla
924 2264 1028 2326 pauca
1060 2241 1204 2308 afferam.

135 2349 253 2412 Forma
277 2369 315 2411 ea
338 2355 485 2433 quaeest
509 2348 674 2411 avaritia
697 2347 870 2412 utebantur
888 2349 1059 2433 scriptores
1075 2350 1205 2434 optimi3

136 2455 324 2521 avarities
348 2454 460 2517 dixere
483 2453 652 2518 Lucretius
677 2460 709 2517 et
734 2454 939 2519 Claudianus.
987 2454 1205 2520 Crassitudo

134 2562 251 2646 legitur
274 2562 358 2646 apud
375 2562 562 2626 Ciceronem
586 2561 684 2641 alios3
710 2561 903 2624 crassities
928 2560 1011 2624 dixit
1033 2560 1204 2645 Apuleius.

135 2667 352 2751 Pinguitudo
367 2667 464 2749 vulgo
476 2672 638 2751 receptum
650 2672 732 2749 erat3
747 2666 943 2750 pinguitias
959 2666 1107 2751 probavit
1119 2665 1206 2729 idem

135 2772 305 2858 Apuleius.
329 2813 373 2822 -
397 2772 597 2837 Sententiam
623 2774 780 2857 exemplis
811 2774 988 2836 illustravit
1012 2772 1146 2855 Statius,
1168 2779 1209 2837 ut

137 2878 256 2963 Sapph.
278 2901 326 2964 ap.
351 2877 521 2962 Hephaest
555 2879 624 2963 (42.
637 2879 675 2942 fr.
699 2881 742 2942 40
765 2880 902 2964 Bergk.)
915 2888 1007 2964 Ἔρος
1027 2891 1109 2962 datas
1127 2879 1206 2963 (sor.

137 2982 232 3053 ducito)
257 2982 302 3056 ,a'd
334 2985 482 3054 λυσιμέλης
518 2985 592 3037 δύνει
619 3009 652 3020 -·
680 2985 863 3059 γλυκύπικρον
901 2983 1048 3055 ἀμάχανον
1079 2979 1206 3058 ύρπετον,

135 3072 247 3137 Musae
280 3074 326 3158 (v.
354 3073 431 3159 166)
460 3081 514 3157 ἤδη
533 3085 578 3138 καὶ
596 3086 780 3158 γλυκύπικρον
807 3083 918 3146 ἐδέξατο
940 3088 1057 3157 κέντρον
1085 3085 1206 3159 ἐρώτων,

138 3181 204 3246 (ilc.
221 3179 271 3243 ad.
285 3180 351 3243 Ati.
371 3182 400 3262 5,
416 3181 470 3264 2i,
487 3185 506 3245 4
523 3182 556 3244 in
574 3183 624 3268 his
657 3195 842 3268 γλυκύπικρον
860 3183 941 3246 illud
955 3182 1122 3246 confirmas
1139 3203 1207 3245 mo·

137 3308 207 3350 ram
231 3287 312 3349 mihi
327 3286 449 3349 nullam
465 3287 546 3370 fore3
563 3290 669 3353 Plaut.
687 3288 803 3353 Pseud.
830 3289 873 3374 (Ι.
893 3292 921 3372 1,
938 3291 996 3374 63)
1013 3289 1101 3353 sino:
1129 3310 1206 3352 nam

135 3394 217 3458 mihi
239 3393 349 3457 videor
375 3414 445 3456 cum
468 3415 507 3457 ea
529 3395 714 3460 fabularier.
739 3396 842 3480 Lege:
879 3395 972 3459 dulce
997 3417 1205 3480 amarumque

135 3523 200 3564 una
235 3523 319 3564 nunc
352 3501 468 3566 misces
504 3503 594 3567 mibi.
640 3502 734 3567 Adde
767 3504 921 3587 Meleagr.
957 3505 1056 3588 epigr.
1098 3504 1150 3585 76,
1183 3504 1204 3569 3

135 3608 271 3693 (anthol.
295 3609 322 3689 Ῑ,
347 3609 399 3674 23.
424 3609 512 3692 dac.)
535 3623 565 3678 τὸ
583 3626 766 3699 γλυκύπικρον
786 3624 885 3699 ἔρωτος
905 3625 977 3691 ἔχων
996 3628 1082 3695 βέλος,
1110 3609 1204 3673 POSi·

135 3713 222 3800 diPP·
250 3717 299 3798 11,
327 3719 346 3778 4
371 3716 475 3799 (anth.
500 3714 543 3793 Π,
569 3716 627 3801 49)
644 3735 721 3804 μέλοι
741 3733 765 3785 d’
784 3730 855 3803 ἡμῖν
874 3731 888 3786 ὅ
908 3735 1088 3806 γλυκύπικρος
1101 3728 1203 3801 Ἔρως,

135 3821 191 3884 ubi
214 3843 278 3885 non
300 3822 468 3885 immemor
491 3824 552 3886 fuit
575 3823 670 3887 huius
695 3819 869 3885 Catulliani
890 3843 1000 3886 versus
1024 3819 1203 3900 Jacobsius,

136 3928 218 3990 inter
234 3928 298 3991 alia
313 3928 463 4013 exempla
487 3933 559 4013 apte
585 3928 722 3991 afferens
744 3927 824 3992 illud
839 3928 957 3993 Anaor.
982 3927 1043 3992 Od.
1060 3924 1164 4006 XLV,
1182 3925 1201 3988 5

136 4032 232 4087 ἀκίδας
252 4035 276 4086 δ’
294 4032 394 4104 ἔβαπτε
412 4037 566 4108 Κύπρις-
580 4034 644 4106 μέλι
659 4031 689 4087 τὸ
706 4035 790 4103 γλυκύ
808 4035 926 4102 λαβοῦσα
941 4063 973 4073 —-
993 4029 1137 4103 o‘d'”Eporc
1152 4045 1202 4095 χο-

135 4138 189 4212 λὴν
208 4139 314 4211 ἔμισγε.
354 4125 404 4190 Cf.
429 4125 527 4188 etiam
549 4124 701 4208 Doering.
733 4123 773 4187 ad
797 4124 914 4189 Catuli.
947 4125 998 4207 64,
1023 4123 1064 4186 95
1094 4125 1203 4185 sancte

135 4249 215 4314 puer
238 4229 324 4294 curis
347 4230 512 4294 hominum
536 4231 590 4316 qui
613 4230 730 4315 gaudia
753 4229 878 4294 misces.

103 4390 151 4432 ι
162 4411 165 4417 .
