2566 4762
530 237 748 304 ..50-

207 429 392 517 Lycotas
415 428 464 515 V,
488 432 526 514 3,
552 431 569 495 1
592 432 673 497 haec
695 430 859 498 Arethusa
882 454 940 499 sno
962 434 1066 500 mittit
1087 456 1183 503 man-

99 533 177 601 data
200 537 361 624 Lycotee’.

205 646 435 711 Parthenia
456 645 498 730 V,
517 647 545 729 7,
564 647 606 711 74
624 647 734 713 nutrix
751 647 786 710 in
797 649 940 713 tremulis
956 649 1080 736 nequid
1091 650 1196 721 desi·

98 748 191 815 deret
223 752 318 817 annia
341 793 385 803 -
407 753 602 818 Parthenie’.
632 791 671 807 -
693 766 849 837 Παρθενία,
867 766 1016 838 caprena,
1044 755 1181 825 Graeci.

204 858 352 923 Petale
374 859 421 944 V,
447 861 483 943 7,
514 860 556 923 43
579 866 752 946 nostraque
775 861 861 948 qnod
882 862 999 927 Petale
1032 865 1109 929 tulit
1133 866 1180 931 ad

96 970 306 1030 monumenta
341 987 541 1031 coronae-
564 967 684 1033 codicis
714 967 873 1033 immundi
902 970 1032 1035 vincula
1067 972 1177 1039 sentit

97 1073 198 1140 anus’.
221 1112 266 1122 -
289 1083 399 1153 Πετάλη
419 1073 545 1140 Graeci.

206 1177 437 1266 Strymonis
470 1179 520 1264 V,
554 1181 590 1264 4,
626 1182 668 1245 ’12
691 1181 749 1246 illa
771 1182 856 1266 ruit,
892 1183 996 1268 qualis
1030 1183 1179 1251 celerem

97 1306 196 1372 prope
218 1285 462 1351 Thermodonta
484 1326 529 1337 —
551 1285 729 1374 Strymonis
753 1288 900 1355 abscisso
929 1290 1030 1355 fertur
1053 1297 1178 1378 aperta

95 1394 188 1459 sinu’.
213 1431 255 1443 -
279 1401 446 1477 Στρυμονίς,
465 1403 523 1457 taor
543 1392 669 1461 Graeci.

202 1500 290 1567 Illud
313 1501 398 1587 quod
422 1504 471 1566 est

202 1607 433 1674 Oromedon
463 1606 534 1692 IV,
565 1609 607 1690 8,
643 1609 686 1672 48
708 1613 741 1673 te
765 1609 846 1674 duce
879 1611 1040 1677 vellavis
1075 1633 1175 1680 arma

95 1737 207 1781 canam
244 1715 399 1802 caeloque
439 1715 615 1779 minantem
649 1754 692 1767 -
731 1715 866 1781 (ioelum
908 1722 940 1781 et
978 1717 1175 1803 Phlegraeis

95 1821 312 1889 Oromedonte
341 1821 442 1908 iugis,
472 1822 568 1886 nihili
606 1842 676 1887 esse
704 1822 970 1908 scribendumque
998 1823 1176 1912 ,Euryme-

94 1930 202 1996 donta’
227 1932 293 1995 iam
307 1929 494 1995 Huschkins
521 1929 752 1996 demonstravit
775 1931 874 1995 anell.
900 1931 960 1997 litt.
987 1930 1175 2019 320541.-

94 2038 204 2125 Atque
226 2040 384 2105 hactenus
407 2038 448 2103 de
470 2038 652 2103 nominibus
673 2037 821 2124 propriis.

439 2297 491 2352 2.
508 2293 821 2362 Appellatlva.

198 2473 364 2560 Adryas
387 2473 422 2557 Ι,
449 2473 510 2557 20,
547 2474 587 2537 12
611 2492 677 2537 non
698 2472 802 2537 minor
824 2470 981 2537 Ausoniis
1004 2476 1054 2536 eet
1078 2492 1173 2539 amor

91 2580 276 2669 Adryasin’.
300 2579 418 2644 Graeci
439 2581 568 2663 ‘cepaea

196 2706 312 2771 baris
336 2711 439 2788 (βᾶρις)
464 2703 529 2788 IV,
556 2706 612 2788 10,
641 2705 684 2769 44
707 2703 839 2769 baridos
863 2709 898 2769 et
925 2705 1028 2770 contis
1058 2711 1171 2772 rostra

89 2813 238 2879 Liburna
260 2812 373 2898 sequi’.
420 2809 525 2898 Saepe
547 2811 708 2877 invenitur
739 2832 777 2876 ee
799 2833 863 2877 vox
885 2810 970 2896 apud
993 2812 1169 2896 scriptores

89 2941 235 3005 graecos.
281 2918 343 2982 Est
367 2919 571 3005 Aegyptiace
594 2919 659 2983 vid.
683 2920 784 3007 intpp.
810 2920 851 2983 ad
873 2919 954 2983 Her.
978 2917 1010 3002 2,
1033 2919 1096 3002 41,
1121 2921 1167 2983 96
1275 2916 1278 2921 ’

89 3025 143 3110 (cf.
168 3032 200 3091 et
214 3024 312 3090 Diod.
332 3027 360 3109 1,
376 3025 446 3111 92).
482 3023 537 3090 Ad
548 3026 740 3091 sententiam
756 3026 796 3092 of.
809 3025 890 3090 Hor.
904 3023 996 3111 epod.
1013 3025 1041 3108 1,
1068 3022 1168 3091 libis

88 3130 244 3196 Liburnis
267 3131 351 3196 inter
374 3133 441 3196 alta
462 3131 602 3216 navium,
628 3169 669 3183 -
692 3132 806 3215 amice,
832 3129 1082 3219 propugnacula.
1172 3203 1177 3208 -

197 3252 372 3324 heroine
401 3251 440 3338 Ι,
473 3253 534 3338 13,
574 3255 615 3319 31
639 3254 697 3325 illa
721 3253 763 3321 eit
784 3252 926 3321 Inachiis
950 3258 984 3317 et
1006 3249 1162 3341 blandior

92 3355 234 3424 hercinia
251 3357 290 3423 cl.
306 3356 354 3442 II,
373 3360 406 3442 2,
428 3360 447 3422 9
464 3359 572 3445 qualis
588 3358 861 3425 etIschomachae
873 3355 1033 3444 Lapithae
1056 3374 1165 3441 ganne

87 3463 236 3548 heroine;
258 3462 284 3546 Ι,
311 3464 362 3549 19,
387 3463 427 3529 13
451 3463 519 3530 illic
534 3463 693 3528 formosae
715 3460 978 3529 veniantohorns
994 3459 1162 3527 heroinae.

88 3605 134 3620 —
155 3574 263 3653 ἦρωίνη
285 3588 382 3654 saepe
405 3567 544 3633 occurrit
567 3567 654 3655 apud
677 3566 832 3633 Graecos.

196 3692 375 3781 Lygmon
420 3691 473 3776 V,
521 3693 564 3776 1,
611 3694 653 3758 29
700 3692 804 3778 prima
848 3691 1004 3777 galeritus
1048 3692 1165 3776 posuit

88 3798 254 3885 praetoria
304 3799 473 3888 Lygmon’.
547 3799 666 3863 Forma
711 3818 829 3883 graeca
874 3797 1012 3861 nominis
1058 3795 1163 3861 Etru-

88 3904 134 3968 sci
148 3904 295 3969 Lucumo
317 3903 523 3990 (Lauchme).
547 3903 595 3968 cf.
617 3903 811 3989 Hertnberg.
837 3903 888 3969 ad.
912 3902 942 3968 h.
965 3903 988 3968 l.
1009 3901 1162 3973 Niebuhr

88 4006 164 4076 hiet.
187 4008 228 4073 R.
254 4010 289 4093 1,
322 4011 385 4073 123
408 4030 476 4095 sqq.
500 4009 538 4075 Ο.
561 4009 674 4075 Muell.
699 4008 829 4075 Etrusc.
855 4011 885 4094 1,
909 4011 973 4073 336
1000 4029 1048 4095 sq,

194 4141 261 4209 Hic
282 4143 457 4209 memorari
478 4148 589 4229 potest
610 4145 710 4211 etiem
731 4143 815 4213 illud

192 4267 461 4335 crotalistria
494 4266 537 4352 V,
571 4269 603 4354 8,
626 4269 668 4332 39
691 4266 817 4332 Nilotce
841 4266 964 4331 tibicen
986 4269 1063 4348 erat,
1087 4286 1161 4333 cro-

63 4368 206 4436 talistria
229 4373 384 4465 Phyllis'.
431 4374 565 4445 Eadem
593 4397 678 4445 voce
699 4395 784 4441 nens
806 4378 858 4439 est
872 4371 1045 4436 Pnhhhns
1059 4367 1173 4451 hmo
