2566 4762
56 4462 81 4515 b.

575 182 791 252 ,.46..

146 383 250 448 teutia
283 382 319 447 fit
354 383 443 448 clara
477 390 509 447 et
541 384 649 469 plana.
695 383 893 467 Corruptum
929 388 977 448 cst
1005 388 1114 447 autem
1137 382 1227 449 illud

147 490 299 555 domante
334 491 422 554 baud
456 490 551 557 dubie
587 512 641 572 eo,
666 489 749 576 quod
773 490 897 554 librarii
922 491 1006 555 oculi
1029 490 1229 557 aberrarunt

146 597 187 661 ad
210 618 338 662 versum
360 597 608 683 praecedentem
632 596 687 661 ubi
710 602 759 659 est
782 595 978 660 moderator.
1000 628 1043 647 -e
1066 595 1226 663 Ceterum

103 706 112 725 “
145 704 316 788 legebatur
352 707 432 768 haee
467 726 531 768 vox
555 711 652 768 antea
675 705 774 769 etiam
797 702 904 767 Amm.
928 704 981 787 21,
1004 707 1034 787 5,
1058 706 1093 769 9:
1117 706 1226 770 fortu-

145 817 255 876 uatum
290 812 486 876 domatorem
520 812 581 898 (al.
606 811 856 897 dominatorem)
878 812 1024 895 gentium
1046 811 1225 898 adpellans

145 923 178 981 et
210 938 343 1002 regum,
378 918 434 981 ubi
468 923 578 981 tamen
613 916 886 1003 Eyssenhardtius
920 918 1033 982 ecod.
1056 916 1226 983 Vaticano

144 1024 284 1111 (emend,
310 1025 405 1110 prim.
430 1045 545 1088 manus
570 1025 648 1108 ant)
674 1019 802 1110 scripsit
824 1023 1076 1088 domitorem.

239 1132 322 1197 -Iam
351 1133 510 1197 adiectiva
541 1132 628 1197 solus
652 1131 753 1196 habet
775 1130 961 1218 panegyrici
984 1138 1095 1197 auctor
1119 1133 1224 1197 haee:

251 1238 286 1322 a)
324 1240 567 1326 composita:
602 1241 851 1324 inaequatus
884 1260 915 1302 v.
940 1239 983 1302 43
1019 1240 1125 1324 qualis
1158 1238 1224 1325 (so.

143 1342 239 1428 libra)
263 1345 471 1433 inaequatum
489 1348 519 1411 si
535 1347 662 1430 quando
685 1366 767 1410 onus
781 1351 874 1430 urget
888 1345 1048 1432 utrimque
1062 1346 1225 1411 -iusta·

142 1448 217 1514 bilis
242 1459 332 1516 natat
355 1454 479 1518 alterno
505 1454 688 1539 depressior
710 1452 808 1535 orbe’‚

253 1558 290 1644 b)
314 1559 643 1625 denominativa.

305 1667 515 1733 Arecteus
557 1667 618 1732 142
650 1665 781 1752 Gyndes
804 1703 847 1713 —
871 1669 942 1727 aret
965 1662 1114 1729 Arecteis
1140 1665 1226 1732 haut

143 1792 211 1835 una
233 1793 291 1857 per
314 1774 400 1837 ostia
425 1772 570 1859 campis’.
596 1772 658 1846 Qui
681 1773 746 1837 sint
768 1770 900 1835 Arectei
924 1770 1028 1855 campi
1044 1790 1110 1834 non
1128 1778 1225 1839 certo

143 1884 252 1964 potest
274 1878 453 1945 diiudicari.
484 1881 528 1946 Et
551 1880 735 1964 Scaligerus
761 1879 888 1964 quidem
918 1877 1053 1942 deduxit
1075 1877 1141 1942 boo
1164 1880 1224 1945 ad·

144 1985 296 2050 iectivum
328 1987 369 2051 ab
406 1988 523 2074 oppido
548 1988 605 2052 illo
627 1986 733 2069 Areo,
757 1986 848 2049 ouius
872 1984 992 2048 mentio
1014 1983 1051 2048 fit
1074 2004 1151 2069 geu.
1179 1987 1225 2055 10

144 2091 189 2177 [v.
210 2093 262 2185 10)
285 2092 346 2157 fuit
369 2100 476 2158 autem
498 2095 690 2181 principium
713 2092 804 2177 regni
827 2092 896 2156 cius
914 2090 1059 2178 Babylon
1082 2100 1118 2155 et
1132 2092 1225 2161 Areo

146 2204 178 2263 et
201 2199 316 2263 Achad
353 2210 384 2265 et
408 2200 508 2266 Calue
531 2203 564 2266 in
589 2211 673 2266 terra
697 2199 829 2265 Senaar.
875 2199 978 2284 Atqui
1001 2197 1042 2262 ab
1065 2220 1107 2263 eo
1132 2203 1225 2287 quod

146 2311 198 2369 est
222 2306 308 2369 Areo
324 2306 416 2406 (app)
445 2330 508 2373 non
542 2313 650 2394 potest
683 2306 751 2371 fieri
792 2305 987 2370 adiectivum
1025 2304 1223 2375 Arecteus

150 2411 207 2476 sed
228 2411 418 2479 Arecaeue
442 2417 512 2482 sive
536 2418 753 2480 Areocaeus
777 2419 873 2498 atque
896 2412 961 2494 ita,
992 2410 1020 2475 si
1044 2410 1125 2496 quid
1149 2434 1225 2479 mu·

144 2518 278 2583 tandum
302 2521 354 2604 sit,
389 2522 498 2607 legere
527 2522 637 2587 malim
661 2538 757 2606 quam
779 2527 816 2582 ut
838 2518 881 2582 Is.
906 2516 1045 2582 Vossius
1071 2518 1224 2604 suspica·

141 2630 193 2690 tus
229 2631 277 2690 est
311 2626 516 2695 Darnaeie
551 2630 605 2717 qui
639 2629 756 2693 collato
786 2625 948 2690 Herodoti
970 2624 1044 2689 loeo
1067 2625 1113 2709 (l,
1140 2626 1222 2713 189)

142 2733 225 2798 nihil
248 2734 388 2820 proficit3
411 2758 486 2801 nam
510 2737 556 2801 ibi
577 2735 748 2821 legendum
780 2744 831 2802 est
854 2749 912 2818 ῥέει
931 2746 960 2801 δὲ
979 2746 1024 2801 διὰ
1038 2748 1222 2823 Δαρδανέων

139 2853 309 2930 (Δαρδάνων
337 2845 453 2910 cod.B
479 2842 618 2928 Steinii).
665 2843 710 2908 At
732 2865 773 2908 ne
795 2846 855 2910 hoc
878 2847 1007 2932 quidem
1030 2847 1223 2915 coniectura

142 2959 191 3017 est
218 2951 418 3018 inferendum
455 2951 598 3035 Tibullo,
622 2972 693 3014 euru
716 2974 779 3016 uon
803 2954 983 3018 verisimile
1008 2955 1059 3037 sit,
1083 2960 1125 3019 ut
1147 2976 1221 3023 vox

140 3059 309 3124 tritissima
331 3057 578 3124 Dardaneis
594 3057 766 3143 depravari
793 3060 935 3144 potuerit
954 3059 987 3123 in
1012 3058 1091 3123 illud
1115 3060 1222 3129 Are-

140 3167 257 3232 cteis.
303 3166 420 3231 Melius
444 3167 554 3252 utique
578 3171 609 3230 et
642 3164 696 3229 hic
730 3166 922 3230 coniecturis
965 3167 1217 3257 abstinebimus,

141 3294 213 3337 oum
238 3274 280 3338 sit
304 3275 400 3360 plane
424 3274 536 3338 eadem
559 3273 654 3338 huius
676 3272 739 3337 loci
761 3281 857 3358 atque
879 3273 967 3338 illius
990 3294 1087 3358 quem
1111 3296 1218 3364 supra

139 3378 310 3444 habuimus
333 3381 375 3464 (v.
404 3382 463 3444 145
489 3402 515 3445 s.
539 3402 570 3444 v.
594 3379 741 3465 Magyni)
764 3378 918 3443 condicio.

246 3486 463 3572 Arupinus
499 3487 562 3552 110
592 3486 684 3550 testis
707 3484 865 3570 Arupinis
897 3491 929 3550 et
958 3507 1081 3572 pauper
1108 3486 1216 3558 ¹natus

138 3591 172 3654 in
196 3591 303 3657 arvis'.
349 3592 535 3678 Scaligerus
560 3590 697 3656 coniecit
718 3591 930 3677 Arupiuas
957 3593 1058 3658 forma
1092 3599 1216 3665 veteri·

138 3695 197 3762 bus
232 3719 296 3762 uon
331 3699 461 3763 usitata.
507 3699 608 3764 Multo
644 3698 741 3763 etiam
763 3697 922 3763 infelicius
945 3698 1001 3786 qui
1023 3700 1217 3772 retinebant

137 3803 218 3868 illud
243 3804 457 3890 Arupinue
481 3807 566 3891 quod
589 3806 688 3890 vulgo
713 3805 877 3870 ferebatur
898 3812 974 3871 ante
991 3805 1214 3893 scaligerum.

137 3910 198 3976 Est
213 3933 289 3976 vero
304 3919 392 3978 recta
404 3911 576 3979 Ouiaciani
593 3913 751 3998 scriptura
763 3912 814 3977 Ar
824 3934 844 3976 u
854 3916 921 4001 pin
931 3916 940 3979 i
951 3936 975 3981 s.
988 3956 1032 3965 —
1045 3916 1215 4005 Arupium

137 4025 207 4083 erat
228 4019 384 4106 Iapydiae
407 4022 485 4087 urbs
510 4022 549 4086 cf.
574 4021 692 4106 Scalig.
717 4021 813 4086 adh.
838 4022 860 4086 l.

243 4127 479 4194 Meletaeus
521 4131 586 4196 200
627 4150 723 4215 posse
758 4128 936 4194 Meletaeas
971 4148 1035 4192 non
1071 4129 1215 4199 mallem

136 4233 269 4300 sineere
292 4234 441 4319 chartas,
464 4236 485 4301 i.
510 4257 538 4300 e.
561 4235 697 4300 Homeri
721 4236 874 4301 carmina.
901 4235 1004 4300 Meles
1025 4241 1128 4313 ’Μέλης
1151 4238 1215 4307 flu.

136 4341 206 4407 vius
241 4348 310 4407 erat
342 4342 456 4408 urbem
480 4342 651 4431 Smyrnam
674 4343 799 4407 alluens
824 4341 863 4406 of.
886 4342 968 4407 Plin.
994 4344 1032 4424 5,
1069 4342 1111 4405 29
1136 4344 1214 4433 (31)
