<?xml version="1.0" encoding="UTF-8"?>
<!DOCTYPE html PUBLIC "-//W3C//DTD XHTML 1.0 Transitional//EN"
    "http://www.w3.org/TR/xhtml1/DTD/xhtml1-transitional.dtd">
<html xmlns="http://www.w3.org/1999/xhtml" xml:lang="en" lang="en">
 <head>
  <title>
</title>
<meta http-equiv="Content-Type" content="text/html;charset=utf-8" />
  <meta name='ocr-system' content='tesseract 3.04.00' />
  <meta name='ocr-capabilities' content='ocr_page ocr_carea ocr_par ocr_line ocrx_word'/>
</head>
<body>
  <div class='ocr_page' id='page_1' title='image "./decatullitibull00teufgoog_0018.png"; bbox 0 0 2566 4762; ppageno 0'>
   <div class='ocr_carea' id='block_1_1' title="bbox 536 218 750 287">
    <p class='ocr_par' dir='ltr' id='par_1_1' title="bbox 536 218 750 287">
     <span class='ocr_line' id='line_1_1' title="bbox 536 218 750 287; baseline -0.005 -15"><span class='ocrx_word' id='word_1_1' title='bbox 536 218 750 287; x_wconf 71' lang='lat'>..15-</span> 
     </span>
    </p>
   </div>
   <div class='ocr_carea' id='block_1_2' title="bbox 102 416 1243 2635">
    <p class='ocr_par' dir='ltr' id='par_1_2' title="bbox 102 416 1267 2635">
     <span class='ocr_line' id='line_1_2' title="bbox 103 416 1179 504; baseline 0.002 -21"><span class='ocrx_word' id='word_1_2' title='bbox 103 422 232 483; x_wconf 90' lang='lat' dir='ltr'>tantam</span> <span class='ocrx_word' id='word_1_3' title='bbox 263 417 467 502; x_wconf 84' lang='lat' dir='ltr'>eloquentiae</span> <span class='ocrx_word' id='word_1_4' title='bbox 489 416 555 481; x_wconf 84' lang='lat' dir='ltr'>rim</span> <span class='ocrx_word' id='word_1_5' title='bbox 586 417 697 502; x_wconf 90' lang='lat' dir='ltr'>latere,</span> <span class='ocrx_word' id='word_1_6' title='bbox 720 417 854 482; x_wconf 91' lang='lat' dir='ltr'>sublatis</span> <span class='ocrx_word' id='word_1_7' title='bbox 876 418 1035 504; x_wconf 90' lang='lat' dir='ltr'>manibus,</span> <span class='ocrx_word' id='word_1_8' title='bbox 1059 419 1092 484; x_wconf 92' lang='lat' dir='ltr'>di</span> <span class='ocrx_word' id='word_1_9' title='bbox 1113 441 1179 485; x_wconf 89' lang='lat' dir='ltr'>ma·</span> 
     </span>
     <span class='ocr_line' id='line_1_3' title="bbox 103 523 1180 611; baseline 0.004 -23"><span class='ocrx_word' id='word_1_10' title='bbox 103 526 170 610; x_wconf 78' lang='lat' dir='ltr'>gni,</span> <span class='ocrx_word' id='word_1_11' title='bbox 196 524 327 607; x_wconf 83' lang='lat' dir='ltr'>dixerit,</span> <span class='ocrx_word' id='word_1_12' title='bbox 352 523 555 610; x_wconf 89' lang='lat' dir='ltr'>salicippium</span> <span class='ocrx_word' id='word_1_13' title='bbox 586 524 751 607; x_wconf 90' lang='lat' dir='ltr'>disertum,</span> <span class='ocrx_word' id='word_1_14' title='bbox 775 525 952 611; x_wconf 76' lang='lat' dir='ltr'>respiciens</span> <span class='ocrx_word' id='word_1_15' title='bbox 966 526 1117 590; x_wconf 89' lang='lat' dir='ltr'>videlicet</span> <span class='ocrx_word' id='word_1_16' title='bbox 1138 527 1180 592; x_wconf 91' lang='lat' dir='ltr'>ad</span> 
     </span>
     <span class='ocr_line' id='line_1_4' title="bbox 102 630 1177 716; baseline 0.003 -21"><span class='ocrx_word' id='word_1_17' title='bbox 102 630 138 695; x_wconf 92' lang='lat' dir='ltr'>id</span> <span class='ocrx_word' id='word_1_18' title='bbox 162 630 249 716; x_wconf 90' lang='lat' dir='ltr'>quod</span> <span class='ocrx_word' id='word_1_19' title='bbox 271 631 368 715; x_wconf 92' lang='lat' dir='ltr'>paulo</span> <span class='ocrx_word' id='word_1_20' title='bbox 392 635 468 695; x_wconf 88' lang='lat' dir='ltr'>ante</span> <span class='ocrx_word' id='word_1_21' title='bbox 489 631 703 696; x_wconf 85' lang='lat' dir='ltr'>narravimus.</span> <span class='ocrx_word' id='word_1_22' title='bbox 742 631 882 696; x_wconf 89' lang='lat' dir='ltr'>Ridendi</span> <span class='ocrx_word' id='word_1_23' title='bbox 906 637 1013 698; x_wconf 90' lang='lat' dir='ltr'>autem</span> <span class='ocrx_word' id='word_1_24' title='bbox 1040 634 1177 698; x_wconf 89' lang='lat' dir='ltr'>occasio-</span> 
     </span>
     <span class='ocr_line' id='line_1_5' title="bbox 103 737 1179 822; baseline 0.002 -21"><span class='ocrx_word' id='word_1_25' title='bbox 103 758 180 802; x_wconf 89' lang='lat' dir='ltr'>nem</span> <span class='ocrx_word' id='word_1_26' title='bbox 214 738 299 822; x_wconf 90' lang='lat' dir='ltr'>cepit</span> <span class='ocrx_word' id='word_1_27' title='bbox 333 742 430 822; x_wconf 90' lang='lat' dir='ltr'>poeta</span> <span class='ocrx_word' id='word_1_28' title='bbox 463 756 505 801; x_wconf 88' lang='lat' dir='ltr'>ex</span> <span class='ocrx_word' id='word_1_29' title='bbox 543 737 683 821; x_wconf 77' lang='lat' dir='ltr'>eleganti</span> <span class='ocrx_word' id='word_1_30' title='bbox 717 738 862 802; x_wconf 87' lang='lat' dir='ltr'>novitate</span> <span class='ocrx_word' id='word_1_31' title='bbox 885 738 982 822; x_wconf 82' lang='lat' dir='ltr'>vocis,</span> <span class='ocrx_word' id='word_1_32' title='bbox 1006 759 1100 822; x_wconf 91' lang='lat' dir='ltr'>quam</span> <span class='ocrx_word' id='word_1_33' title='bbox 1124 739 1179 803; x_wconf 91' lang='lat' dir='ltr'>ille</span> 
     </span>
     <span class='ocr_line' id='line_1_6' title="bbox 104 842 1178 930; baseline 0.005 -24"><span class='ocrx_word' id='word_1_34' title='bbox 104 842 252 929; x_wconf 91' lang='lat' dir='ltr'>quisquis</span> <span class='ocrx_word' id='word_1_35' title='bbox 287 843 368 924; x_wconf 85' lang='lat' dir='ltr'>luit,</span> <span class='ocrx_word' id='word_1_36' title='bbox 404 864 424 907; x_wconf 87' lang='lat' dir='ltr'>a</span> <span class='ocrx_word' id='word_1_37' title='bbox 460 842 605 908; x_wconf 89' lang='lat' dir='ltr'>saliendo</span> <span class='ocrx_word' id='word_1_38' title='bbox 638 844 673 908; x_wconf 91' lang='lat' dir='ltr'>in</span> <span class='ocrx_word' id='word_1_39' title='bbox 708 845 838 930; x_wconf 83' lang='lat' dir='ltr'>cippum</span> <span class='ocrx_word' id='word_1_40' title='bbox 860 843 980 911; x_wconf 89' lang='lat' dir='ltr'>urbane</span> <span class='ocrx_word' id='word_1_41' title='bbox 1003 845 1178 911; x_wconf 81' lang='lat' dir='ltr'><strong>admodum</strong></span> 
     </span>
     <span class='ocr_line' id='line_1_7' title="bbox 103 948 1178 1034; baseline 0.003 -20"><span class='ocrx_word' id='word_1_42' title='bbox 103 955 303 1034; x_wconf 84' lang='lat' dir='ltr'>venusteque</span> <span class='ocrx_word' id='word_1_43' title='bbox 337 948 554 1014; x_wconf 85' lang='lat' dir='ltr'>confinxerat’.</span> <span class='ocrx_word' id='word_1_44' title='bbox 602 949 716 1016; x_wconf 79' lang='lat' dir='ltr'>Simile</span> <span class='ocrx_word' id='word_1_45' title='bbox 751 950 825 1015; x_wconf 92' lang='lat' dir='ltr'>tulit</span> <span class='ocrx_word' id='word_1_46' title='bbox 858 950 1010 1015; x_wconf 89' lang='lat' dir='ltr'>iudicium</span> <span class='ocrx_word' id='word_1_47' title='bbox 1033 950 1178 1018; x_wconf 84' lang='lat' dir='ltr'>Achilles</span> 
     </span>
     <span class='ocr_line' id='line_1_8' title="bbox 105 1053 1179 1142; baseline 0.006 -23"><span class='ocrx_word' id='word_1_48' title='bbox 105 1053 244 1139; x_wconf 88' lang='lat' dir='ltr'>Statius,</span> <span class='ocrx_word' id='word_1_49' title='bbox 263 1056 321 1140; x_wconf 93' lang='lat' dir='ltr'>qui</span> <span class='ocrx_word' id='word_1_50' title='bbox 344 1057 379 1120; x_wconf 90' lang='lat' dir='ltr'>in</span> <span class='ocrx_word' id='word_1_51' title='bbox 408 1055 543 1120; x_wconf 86' lang='lat' dir='ltr'>eandem</span> <span class='ocrx_word' id='word_1_52' title='bbox 567 1057 784 1121; x_wconf 87' lang='lat' dir='ltr'>coniecturam</span> <span class='ocrx_word' id='word_1_53' title='bbox 807 1056 957 1122; x_wconf 84' lang='lat' dir='ltr'>incidisse</span> <span class='ocrx_word' id='word_1_54' title='bbox 981 1064 1090 1142; x_wconf 87' lang='lat' dir='ltr'>narrat</span> <span class='ocrx_word' id='word_1_55' title='bbox 1111 1060 1179 1125; x_wconf 92' lang='lat' dir='ltr'>Ho-</span> 
     </span>
     <span class='ocr_line' id='line_1_9' title="bbox 104 1161 1178 1248; baseline 0.007 -23"><span class='ocrx_word' id='word_1_56' title='bbox 104 1165 253 1226; x_wconf 88' lang='lat' dir='ltr'>noratum</span> <span class='ocrx_word' id='word_1_57' title='bbox 278 1161 299 1226; x_wconf 87' lang='lat' dir='ltr'><strong>J</strong></span> <span class='ocrx_word' id='word_1_58' title='bbox 302 1163 463 1226; x_wconf 91' lang='lat' dir='ltr'>cannium.</span> <span class='ocrx_word' id='word_1_59' title='bbox 499 1161 545 1227; x_wconf 84' lang='lat' dir='ltr'>At</span> <span class='ocrx_word' id='word_1_60' title='bbox 568 1164 690 1248; x_wconf 91' lang='lat' dir='ltr'>optime</span> <span class='ocrx_word' id='word_1_61' title='bbox 712 1162 789 1248; x_wconf 93' lang='lat' dir='ltr'>quid</span> <span class='ocrx_word' id='word_1_62' title='bbox 812 1165 997 1230; x_wconf 86' lang='lat' dir='ltr'>conveniret</span> <span class='ocrx_word' id='word_1_63' title='bbox 1013 1167 1089 1230; x_wconf 89' lang='lat' dir='ltr'>huic</span> <span class='ocrx_word' id='word_1_64' title='bbox 1105 1167 1178 1232; x_wconf 89' lang='lat' dir='ltr'>loco</span> 
     </span>
     <span class='ocr_line' id='line_1_10' title="bbox 103 1267 1178 1354; baseline 0.008 -24"><span class='ocrx_word' id='word_1_65' title='bbox 103 1269 273 1353; x_wconf 82' lang='lat' dir='ltr'>perspexit</span> <span class='ocrx_word' id='word_1_66' title='bbox 297 1268 366 1333; x_wconf 80' lang='lat' dir='ltr'>dos.</span> <span class='ocrx_word' id='word_1_67' title='bbox 392 1267 584 1354; x_wconf 85' lang='lat' dir='ltr'>Scaligcrus,</span> <span class='ocrx_word' id='word_1_68' title='bbox 607 1270 663 1354; x_wconf 89' lang='lat' dir='ltr'>qni</span> <span class='ocrx_word' id='word_1_69' title='bbox 686 1270 823 1354; x_wconf 80' lang='lat' dir='ltr'>expulsa</span> <span class='ocrx_word' id='word_1_70' title='bbox 837 1270 975 1335; x_wconf 88' lang='lat' dir='ltr'>Manutii</span> <span class='ocrx_word' id='word_1_71' title='bbox 995 1273 1178 1338; x_wconf 89' lang='lat' dir='ltr'>coniectura</span> 
     </span>
     <span class='ocr_line' id='line_1_11' title="bbox 103 1372 1178 1465; baseline 0.007 -30"><span class='ocrx_word' id='word_1_72' title='bbox 103 1372 256 1437; x_wconf 90' lang='lat' dir='ltr'>librorum</span> <span class='ocrx_word' id='word_1_73' title='bbox 286 1375 458 1440; x_wconf 91' lang='lat' dir='ltr'>lectionem</span> <span class='ocrx_word' id='word_1_74' title='bbox 492 1376 632 1441; x_wconf 86' lang='lat' dir='ltr'>reduxit.</span> <span class='ocrx_word' id='word_1_75' title='bbox 666 1376 756 1440; x_wconf 88' lang='lat' dir='ltr'>Idem</span> <span class='ocrx_word' id='word_1_76' title='bbox 787 1376 1084 1461; x_wconf 86' lang='lat' dir='ltr'>interpretationem</span> <span class='ocrx_word' id='word_1_77' title='bbox 1106 1400 1178 1465; x_wconf 90' lang='lat' dir='ltr'>pro·</span> 
     </span>
     <span class='ocr_line' id='line_1_12' title="bbox 103 1481 1175 1571; baseline 0.007 -28"><span class='ocrx_word' id='word_1_78' title='bbox 103 1481 216 1565; x_wconf 90' lang='lat' dir='ltr'>posuit</span> <span class='ocrx_word' id='word_1_79' title='bbox 249 1481 308 1566; x_wconf 87' lang='lat' dir='ltr'>(ad</span> <span class='ocrx_word' id='word_1_80' title='bbox 330 1483 429 1568; x_wconf 82' lang='lat' dir='ltr'>Verg.</span> <span class='ocrx_word' id='word_1_81' title='bbox 454 1483 556 1549; x_wconf 79' lang='lat' dir='ltr'>Gatal.</span> <span class='ocrx_word' id='word_1_82' title='bbox 581 1487 611 1568; x_wconf 82' lang='lat'>9,</span> <span class='ocrx_word' id='word_1_83' title='bbox 635 1487 655 1548; x_wconf 80' lang='lat'><strong>2</strong></span> <span class='ocrx_word' id='word_1_84' title='bbox 679 1505 711 1569; x_wconf 87' lang='lat' dir='ltr'>p.</span> <span class='ocrx_word' id='word_1_85' title='bbox 739 1483 801 1548; x_wconf 80' lang='lat'>509</span> <span class='ocrx_word' id='word_1_86' title='bbox 831 1503 900 1567; x_wconf 89' lang='lat' dir='ltr'>sqq.</span> <span class='ocrx_word' id='word_1_87' title='bbox 924 1483 961 1548; x_wconf 88' lang='lat' dir='ltr'>cf.</span> <span class='ocrx_word' id='word_1_88' title='bbox 986 1485 1028 1550; x_wconf 88' lang='lat' dir='ltr'>ad</span> <span class='ocrx_word' id='word_1_89' title='bbox 1051 1484 1121 1549; x_wconf 83' lang='lat' dir='ltr'>Sat.</span> <span class='ocrx_word' id='word_1_90' title='bbox 1145 1508 1175 1571; x_wconf 85' lang='lat' dir='ltr'>p.</span> 
     </span>
     <span class='ocr_line' id='line_1_13' title="bbox 106 1583 1179 1673; baseline 0.007 -24"><span class='ocrx_word' id='word_1_91' title='bbox 106 1583 167 1670; x_wconf 81' lang='lat'>56)</span> <span class='ocrx_word' id='word_1_92' title='bbox 205 1608 268 1672; x_wconf 90' lang='lat' dir='ltr'>qua</span> <span class='ocrx_word' id='word_1_93' title='bbox 304 1609 399 1653; x_wconf 90' lang='lat' dir='ltr'>nemo</span> <span class='ocrx_word' id='word_1_94' title='bbox 438 1587 543 1653; x_wconf 91' lang='lat' dir='ltr'>adhuc</span> <span class='ocrx_word' id='word_1_95' title='bbox 581 1589 779 1673; x_wconf 81' lang='lat' dir='ltr'>excogitauit</span> <span class='ocrx_word' id='word_1_96' title='bbox 815 1588 991 1653; x_wconf 85' lang='lat' dir='ltr'>meliorem.</span> <span class='ocrx_word' id='word_1_97' title='bbox 1037 1590 1179 1656; x_wconf 80' lang='lat' dir='ltr'>Deducit</span> 
     </span>
     <span class='ocr_line' id='line_1_14' title="bbox 104 1691 1178 1782; baseline 0.006 -26"><span class='ocrx_word' id='word_1_98' title='bbox 104 1691 194 1756; x_wconf 89' lang='lat' dir='ltr'>enirn</span> <span class='ocrx_word' id='word_1_99' title='bbox 211 1693 403 1758; x_wconf 79' lang='lat' dir='ltr'>uocabulum</span> <span class='ocrx_word' id='word_1_100' title='bbox 419 1715 439 1758; x_wconf 88' lang='lat' dir='ltr'>a</span> <span class='ocrx_word' id='word_1_101' title='bbox 455 1692 653 1760; x_wconf 79' lang='lat' dir='ltr'>Graecorum</span> <span class='ocrx_word' id='word_1_102' title='bbox 667 1715 747 1760; x_wconf 85' lang='lat' dir='ltr'>uoce</span> <span class='ocrx_word' id='word_1_103' title='bbox 770 1708 895 1770; x_wconf 72' lang='grc' dir='ltr'>πόσθων,</span> <span class='ocrx_word' id='word_1_104' title='bbox 915 1714 980 1780; x_wconf 91' lang='lat' dir='ltr'>qua</span> <span class='ocrx_word' id='word_1_105' title='bbox 995 1718 1109 1782; x_wconf 91' lang='lat' dir='ltr'>pueros</span> <span class='ocrx_word' id='word_1_106' title='bbox 1133 1699 1178 1762; x_wconf 92' lang='lat' dir='ltr'>io·</span> 
     </span>
     <span class='ocr_line' id='line_1_15' title="bbox 103 1800 1177 1890; baseline 0.007 -30"><span class='ocrx_word' id='word_1_107' title='bbox 103 1816 177 1862; x_wconf 88' lang='lat' dir='ltr'>cose</span> <span class='ocrx_word' id='word_1_108' title='bbox 207 1800 368 1884; x_wconf 89' lang='lat' dir='ltr'>appellari</span> <span class='ocrx_word' id='word_1_109' title='bbox 391 1800 503 1865; x_wconf 93' lang='lat' dir='ltr'>solitos</span> <span class='ocrx_word' id='word_1_110' title='bbox 527 1801 604 1864; x_wconf 91' lang='lat' dir='ltr'>satis</span> <span class='ocrx_word' id='word_1_111' title='bbox 629 1806 756 1866; x_wconf 88' lang='lat' dir='ltr'>constat</span> <span class='ocrx_word' id='word_1_112' title='bbox 778 1801 835 1886; x_wconf 80' lang='lat' dir='ltr'>(cl.</span> <span class='ocrx_word' id='word_1_113' title='bbox 859 1800 1084 1888; x_wconf 83' lang='lat' dir='ltr'>Aristophanis</span> <span class='ocrx_word' id='word_1_114' title='bbox 1106 1824 1177 1890; x_wconf 88' lang='lat' dir='ltr'>pac.</span> 
     </span>
     <span class='ocr_line' id='line_1_16' title="bbox 105 1902 1177 1993; baseline 0.009 -28"><span class='ocrx_word' id='word_1_115' title='bbox 105 1902 207 1988; x_wconf 83' lang='lat'>1306)</span> <span class='ocrx_word' id='word_1_116' title='bbox 231 1911 263 1968; x_wconf 90' lang='lat' dir='ltr'>et</span> <span class='ocrx_word' id='word_1_117' title='bbox 290 1906 470 1971; x_wconf 87' lang='lat' dir='ltr'>salacitatis</span> <span class='ocrx_word' id='word_1_118' title='bbox 504 1907 633 1971; x_wconf 92' lang='lat' dir='ltr'>nomine</span> <span class='ocrx_word' id='word_1_119' title='bbox 656 1908 765 1993; x_wconf 89' lang='lat' dir='ltr'>aitque</span> <span class='ocrx_word' id='word_1_120' title='bbox 798 1916 968 1993; x_wconf 73' lang='grc' dir='ltr'><strong><em>ὑποκόρισμα</em></strong></span> <span class='ocrx_word' id='word_1_121' title='bbox 1000 1930 1070 1974; x_wconf 91' lang='lat' dir='ltr'>esse</span> <span class='ocrx_word' id='word_1_122' title='bbox 1097 1910 1177 1975; x_wconf 92' lang='lat' dir='ltr'>illud</span> 
     </span>
     <span class='ocr_line' id='line_1_17' title="bbox 102 2011 1178 2100; baseline 0.008 -28"><span class='ocrx_word' id='word_1_123' title='bbox 102 2011 263 2075; x_wconf 91' lang='lat' dir='ltr'>nutricum</span> <span class='ocrx_word' id='word_1_124' title='bbox 277 2033 339 2098; x_wconf 93' lang='lat' dir='ltr'>quo</span> <span class='ocrx_word' id='word_1_125' title='bbox 362 2013 600 2098; x_wconf 87' lang='lat' dir='ltr'>appellaverint</span> <span class='ocrx_word' id='word_1_126' title='bbox 621 2015 785 2100; x_wconf 89' lang='lat' dir='ltr'>pusiones.</span> <span class='ocrx_word' id='word_1_127' title='bbox 822 2016 891 2081; x_wconf 90' lang='lat' dir='ltr'>Nec</span> <span class='ocrx_word' id='word_1_128' title='bbox 906 2016 991 2080; x_wconf 91' lang='lat' dir='ltr'>male</span> <span class='ocrx_word' id='word_1_129' title='bbox 1004 2015 1097 2081; x_wconf 86' lang='lat' dir='ltr'>affert</span> <span class='ocrx_word' id='word_1_130' title='bbox 1118 2017 1178 2081; x_wconf 91' lang='lat' dir='ltr'>illa</span> 
     </span>
     <span class='ocr_line' id='line_1_18' title="bbox 102 2119 1177 2208; baseline 0.004 -26"><span class='ocrx_word' id='word_1_131' title='bbox 102 2138 185 2202; x_wconf 87' lang='lat' dir='ltr'>quac</span> <span class='ocrx_word' id='word_1_132' title='bbox 209 2119 296 2204; x_wconf 91' lang='lat' dir='ltr'>apud</span> <span class='ocrx_word' id='word_1_133' title='bbox 321 2119 510 2185; x_wconf 81' lang='lat' dir='ltr'>Suetonium</span> <span class='ocrx_word' id='word_1_134' title='bbox 533 2126 659 2205; x_wconf 90' lang='lat' dir='ltr'>extant,</span> <span class='ocrx_word' id='word_1_135' title='bbox 681 2122 854 2187; x_wconf 88' lang='lat' dir='ltr'>Horatium</span> <span class='ocrx_word' id='word_1_136' title='bbox 869 2125 910 2188; x_wconf 93' lang='lat' dir='ltr'>ab</span> <span class='ocrx_word' id='word_1_137' title='bbox 929 2123 1076 2208; x_wconf 85' lang='lat' dir='ltr'>Augusto</span> <span class='ocrx_word' id='word_1_138' title='bbox 1092 2123 1177 2188; x_wconf 92' lang='lat' dir='ltr'>inter</span> 
     </span>
     <span class='ocr_line' id='line_1_19' title="bbox 102 2222 1176 2312; baseline 0.005 -25"><span class='ocrx_word' id='word_1_139' title='bbox 102 2222 186 2288; x_wconf 89' lang='lat' dir='ltr'>alios</span> <span class='ocrx_word' id='word_1_140' title='bbox 223 2225 309 2290; x_wconf 89' lang='lat' dir='ltr'>iocos</span> <span class='ocrx_word' id='word_1_141' title='bbox 347 2246 445 2311; x_wconf 86' lang='lat' dir='ltr'>saepe</span> <span class='ocrx_word' id='word_1_142' title='bbox 479 2247 593 2312; x_wconf 88' lang='lat' dir='ltr'>penem</span> <span class='ocrx_word' id='word_1_143' title='bbox 627 2228 833 2312; x_wconf 90' lang='lat' dir='ltr'>purissimum</span> <span class='ocrx_word' id='word_1_144' title='bbox 869 2235 901 2294; x_wconf 89' lang='lat' dir='ltr'>et</span> <span class='ocrx_word' id='word_1_145' title='bbox 928 2228 1176 2293; x_wconf 90' lang='lat' dir='ltr'>homuncionem</span> 
     </span>
     <span class='ocr_line' id='line_1_20' title="bbox 104 2329 1177 2420; baseline 0.005 -27"><span class='ocrx_word' id='word_1_146' title='bbox 104 2329 340 2417; x_wconf 78' lang='lat' dir='ltr'>lepidissimum</span> <span class='ocrx_word' id='word_1_147' title='bbox 363 2352 433 2398; x_wconf 88' lang='lat' dir='ltr'>esse</span> <span class='ocrx_word' id='word_1_148' title='bbox 456 2333 661 2418; x_wconf 86' lang='lat' dir='ltr'>appellatum.</span> <span class='ocrx_word' id='word_1_149' title='bbox 690 2333 773 2419; x_wconf 71' lang='lat' dir='ltr'>,Non</span> <span class='ocrx_word' id='word_1_150' title='bbox 795 2335 892 2420; x_wconf 85' lang='lat' dir='ltr'>igitur</span> <span class='ocrx_word' id='word_1_151' title='bbox 914 2332 1040 2418; x_wconf 84' lang='lat' dir='ltr'>mirum,</span> <span class='ocrx_word' id='word_1_152' title='bbox 1062 2336 1177 2420; x_wconf 88' lang='lat' dir='ltr'>inquit,</span> 
     </span>
     <span class='ocr_line' id='line_1_21' title="bbox 102 2436 1243 2527; baseline 0.005 -27"><span class='ocrx_word' id='word_1_153' title='bbox 102 2436 131 2500; x_wconf 93' lang='lat' dir='ltr'>si</span> <span class='ocrx_word' id='word_1_154' title='bbox 158 2436 319 2523; x_wconf 72' lang='lat' dir='ltr'>Catullus,</span> <span class='ocrx_word' id='word_1_155' title='bbox 343 2460 437 2525; x_wconf 91' lang='lat' dir='ltr'>quern</span> <span class='ocrx_word' id='word_1_156' title='bbox 461 2439 612 2524; x_wconf 85' lang='lat' dir='ltr'>exiguum</span> <span class='ocrx_word' id='word_1_157' title='bbox 636 2440 738 2503; x_wconf 86' lang='lat' dir='ltr'>voluit</span> <span class='ocrx_word' id='word_1_158' title='bbox 761 2462 892 2524; x_wconf 86' lang='lat' dir='ltr'>vocare,</span> <span class='ocrx_word' id='word_1_159' title='bbox 930 2462 1004 2507; x_wconf 91' lang='lat' dir='ltr'>eum</span> <span class='ocrx_word' id='word_1_160' title='bbox 1026 2442 1178 2527; x_wconf 89' lang='lat' dir='ltr'>salaputii</span> <span class='ocrx_word' id='word_1_161' title='bbox 1236 2512 1243 2520; x_wconf 82' lang='lat'><strong><em>.</em></strong></span> 
     </span>
     <span class='ocr_line' id='line_1_22' title="bbox 102 2545 1177 2635; baseline 0.004 -28"><span class='ocrx_word' id='word_1_162' title='bbox 102 2545 233 2609; x_wconf 90' lang='lat' dir='ltr'>nomine</span> <span class='ocrx_word' id='word_1_163' title='bbox 256 2546 412 2631; x_wconf 87' lang='lat' dir='ltr'>insigniat</span> <span class='ocrx_word' id='word_1_164' title='bbox 434 2568 521 2612; x_wconf 92' lang='lat' dir='ltr'>more</span> <span class='ocrx_word' id='word_1_165' title='bbox 544 2546 706 2610; x_wconf 88' lang='lat' dir='ltr'>nutricum</span> <span class='ocrx_word' id='word_1_166' title='bbox 736 2549 823 2614; x_wconf 92' lang='lat' dir='ltr'>salse</span> <span class='ocrx_word' id='word_1_167' title='bbox 845 2549 941 2613; x_wconf 92' lang='lat' dir='ltr'>nimis</span> <span class='ocrx_word' id='word_1_168' title='bbox 965 2555 999 2614; x_wconf 91' lang='lat' dir='ltr'>et</span> <span class='ocrx_word' id='word_1_169' title='bbox 1020 2550 1177 2635; x_wconf 92' lang='lat' dir='ltr'>nequiter,</span> 
     </span>
    </p>
   </div>
   <div class='ocr_carea' id='block_1_3' title="bbox 102 2651 1196 3167">
    <p class='ocr_par' dir='ltr' id='par_1_3' title="bbox 102 2638 1264 3167">
     <span class='ocr_line' id='line_1_23' title="bbox 102 2651 1177 2742; baseline 0.002 -28"><span class='ocrx_word' id='word_1_170' title='bbox 102 2651 195 2735; x_wconf 90' lang='lat' dir='ltr'>quasi</span> <span class='ocrx_word' id='word_1_171' title='bbox 218 2652 358 2717; x_wconf 90' lang='lat' dir='ltr'>nondum</span> <span class='ocrx_word' id='word_1_172' title='bbox 383 2664 465 2742; x_wconf 71' lang='grc' dir='ltr'><em>ἁδρὸς</em></span> <span class='ocrx_word' id='word_1_173' title='bbox 489 2655 546 2720; x_wconf 91' lang='lat' dir='ltr'>sed</span> <span class='ocrx_word' id='word_1_174' title='bbox 565 2667 712 2742; x_wconf 72' lang='grc' dir='ltr'><em>παιδάριον</em></span> <span class='ocrx_word' id='word_1_175' title='bbox 729 2660 826 2720; x_wconf 90' lang='lat' dir='ltr'>esset.</span> <span class='ocrx_word' id='word_1_176' title='bbox 873 2655 946 2720; x_wconf 90' lang='lat' dir='ltr'>Non</span> <span class='ocrx_word' id='word_1_177' title='bbox 971 2657 1057 2720; x_wconf 91' lang='lat' dir='ltr'>enim</span> <span class='ocrx_word' id='word_1_178' title='bbox 1080 2657 1177 2742; x_wconf 77' lang='lat' dir='ltr'>(pace</span> 
     </span>
     <span class='ocr_line' id='line_1_24' title="bbox 104 2757 1177 2849; baseline 0.005 -27"><span class='ocrx_word' id='word_1_179' title='bbox 104 2757 361 2825; x_wconf 89' lang='lat' dir='ltr'>doctissimorum</span> <span class='ocrx_word' id='word_1_180' title='bbox 391 2763 532 2827; x_wconf 87' lang='lat' dir='ltr'>virorum</span> <span class='ocrx_word' id='word_1_181' title='bbox 562 2763 713 2848; x_wconf 84' lang='lat' dir='ltr'>dixerim)</span> <span class='ocrx_word' id='word_1_182' title='bbox 738 2763 944 2848; x_wconf 88' lang='lat' dir='ltr'>salicippium</span> <span class='ocrx_word' id='word_1_183' title='bbox 966 2783 1072 2849; x_wconf 89' lang='lat' dir='ltr'>neque</span> <span class='ocrx_word' id='word_1_184' title='bbox 1094 2777 1177 2828; x_wconf 74' lang='grc' dir='ltr'><em>καλα-</em></span> 
     </span>
     <span class='ocr_line' id='line_1_25' title="bbox 106 2867 1177 2955; baseline 0.005 -25"><span class='ocrx_word' id='word_1_185' title='bbox 106 2879 207 2946; x_wconf 69' lang='grc' dir='ltr'><em>βιότιον</em></span> <span class='ocrx_word' id='word_1_186' title='bbox 239 2867 406 2954; x_wconf 83' lang='lat' dir='ltr'>(namhoc</span> <span class='ocrx_word' id='word_1_187' title='bbox 430 2889 555 2955; x_wconf 91' lang='lat' dir='ltr'>quoque</span> <span class='ocrx_word' id='word_1_188' title='bbox 579 2870 745 2934; x_wconf 89' lang='lat' dir='ltr'>obtrusum</span> <span class='ocrx_word' id='word_1_189' title='bbox 760 2869 863 2934; x_wconf 83' lang='lat' dir='ltr'>fuerat</span> <span class='ocrx_word' id='word_1_190' title='bbox 879 2867 1031 2955; x_wconf 83' lang='lat' dir='ltr'>Oatullc),</span> <span class='ocrx_word' id='word_1_191' title='bbox 1053 2870 1112 2934; x_wconf 91' lang='lat' dir='ltr'>sed</span> <span class='ocrx_word' id='word_1_192' title='bbox 1127 2891 1177 2934; x_wconf 91' lang='lat' dir='ltr'>sa·</span> 
     </span>
     <span class='ocr_line' id='line_1_26' title="bbox 102 2975 1177 3061; baseline 0.004 -23"><span class='ocrx_word' id='word_1_193' title='bbox 102 2975 273 3061; x_wconf 90' lang='lat' dir='ltr'>laputlum,</span> <span class='ocrx_word' id='word_1_194' title='bbox 297 2981 332 3039; x_wconf 92' lang='lat' dir='ltr'>ut</span> <span class='ocrx_word' id='word_1_195' title='bbox 353 2975 475 3041; x_wconf 85' lang='lat' dir='ltr'>hahent</span> <span class='ocrx_word' id='word_1_196' title='bbox 498 2982 606 3041; x_wconf 88' lang='lat' dir='ltr'>cetera</span> <span class='ocrx_word' id='word_1_197' title='bbox 629 2976 838 3061; x_wconf 88' lang='lat' dir='ltr'>exemplaria,</span> <span class='ocrx_word' id='word_1_198' title='bbox 853 2976 1033 3061; x_wconf 86' lang='lat' dir='ltr'>legendum.</span> <span class='ocrx_word' id='word_1_199' title='bbox 1072 2976 1177 3052; x_wconf 80' lang='lat' dir='ltr'>Quan-</span> 
     </span>
     <span class='ocr_line' id='line_1_27' title="bbox 104 3082 1196 3167; baseline -0.002 -23"><span class='ocrx_word' id='word_1_200' title='bbox 104 3102 205 3166; x_wconf 91' lang='lat' dir='ltr'>quam</span> <span class='ocrx_word' id='word_1_201' title='bbox 228 3082 434 3167; x_wconf 91' lang='lat' dir='ltr'>salicippium</span> <span class='ocrx_word' id='word_1_202' title='bbox 450 3089 547 3167; x_wconf 90' lang='lat' dir='ltr'>esset,</span> <span class='ocrx_word' id='word_1_203' title='bbox 571 3089 608 3147; x_wconf 92' lang='lat' dir='ltr'>ut</span> <span class='ocrx_word' id='word_1_204' title='bbox 625 3084 808 3150; x_wconf 80' lang='lat' dir='ltr'>Orucisalus</span> <span class='ocrx_word' id='word_1_205' title='bbox 824 3083 942 3147; x_wconf 88' lang='lat' dir='ltr'>Plauto</span> <span class='ocrx_word' id='word_1_206' title='bbox 957 3082 1176 3149; x_wconf 86' lang='lat' dir='ltr'>Bacchidibus</span> <span class='ocrx_word' id='word_1_207' title='bbox 1192 3138 1196 3142; x_wconf 86' lang='lat'>.</span> 
     </span>
    </p>
   </div>
   <div class='ocr_carea' id='block_1_4' title="bbox 26 3188 1176 4445">
    <p class='ocr_par' dir='ltr' id='par_1_4' title="bbox 26 3188 1176 4445">
     <span class='ocr_line' id='line_1_28' title="bbox 102 3188 1176 3276; baseline 0 -24"><span class='ocrx_word' id='word_1_208' title='bbox 102 3190 148 3272; x_wconf 81' lang='lat'>(2,</span> <span class='ocrx_word' id='word_1_209' title='bbox 172 3191 202 3270; x_wconf 87' lang='lat'>3,</span> <span class='ocrx_word' id='word_1_210' title='bbox 231 3189 319 3273; x_wconf 82' lang='lat'>128).</span> <span class='ocrx_word' id='word_1_211' title='bbox 365 3189 430 3254; x_wconf 94' lang='lat' dir='ltr'>Sed</span> <span class='ocrx_word' id='word_1_212' title='bbox 464 3190 542 3276; x_wconf 92' lang='lat' dir='ltr'>qnia</span> <span class='ocrx_word' id='word_1_213' title='bbox 576 3190 686 3253; x_wconf 84' lang='lat' dir='ltr'>multis</span> <span class='ocrx_word' id='word_1_214' title='bbox 717 3190 851 3254; x_wconf 88' lang='lat' dir='ltr'>eruditis</span> <span class='ocrx_word' id='word_1_215' title='bbox 882 3188 961 3252; x_wconf 88' lang='lat' dir='ltr'>viris</span> <span class='ocrx_word' id='word_1_216' title='bbox 991 3189 1176 3276; x_wconf 80' lang='lat' dir='ltr'>extorqueri</span> 
     </span>
     <span class='ocr_line' id='line_1_29' title="bbox 102 3294 1176 3382; baseline 0 -23"><span class='ocrx_word' id='word_1_217' title='bbox 102 3316 168 3359; x_wconf 91' lang='lat' dir='ltr'>non</span> <span class='ocrx_word' id='word_1_218' title='bbox 201 3299 319 3380; x_wconf 89' lang='lat' dir='ltr'>potest,</span> <span class='ocrx_word' id='word_1_219' title='bbox 358 3296 435 3382; x_wconf 92' lang='lat' dir='ltr'>quin</span> <span class='ocrx_word' id='word_1_220' title='bbox 470 3294 618 3360; x_wconf 81' lang='lat' dir='ltr'>Catullus</span> <span class='ocrx_word' id='word_1_221' title='bbox 658 3296 804 3360; x_wconf 87' lang='lat' dir='ltr'>alluserit</span> <span class='ocrx_word' id='word_1_222' title='bbox 841 3297 874 3360; x_wconf 92' lang='lat' dir='ltr'>in</span> <span class='ocrx_word' id='word_1_223' title='bbox 913 3295 1043 3380; x_wconf 89' lang='lat' dir='ltr'>cippum</span> <span class='ocrx_word' id='word_1_224' title='bbox 1081 3315 1176 3381; x_wconf 89' lang='lat' dir='ltr'>quem</span> 
     </span>
     <span class='ocr_line' id='line_1_30' title="bbox 102 3400 1175 3484; baseline -0.001 -19"><span class='ocrx_word' id='word_1_225' title='bbox 102 3400 294 3465; x_wconf 86' lang='lat' dir='ltr'>ascenderat</span> <span class='ocrx_word' id='word_1_226' title='bbox 316 3400 453 3484; x_wconf 82' lang='lat' dir='ltr'>Calvus,</span> <span class='ocrx_word' id='word_1_227' title='bbox 488 3422 554 3465; x_wconf 92' lang='lat' dir='ltr'>non</span> <span class='ocrx_word' id='word_1_228' title='bbox 588 3402 623 3466; x_wconf 90' lang='lat' dir='ltr'>in</span> <span class='ocrx_word' id='word_1_229' title='bbox 658 3402 792 3466; x_wconf 87' lang='lat' dir='ltr'>brevem</span> <span class='ocrx_word' id='word_1_230' title='bbox 821 3402 891 3467; x_wconf 92' lang='lat' dir='ltr'>cius</span> <span class='ocrx_word' id='word_1_231' title='bbox 914 3401 1084 3466; x_wconf 93' lang='lat' dir='ltr'>modulum</span> <span class='ocrx_word' id='word_1_232' title='bbox 1106 3422 1175 3466; x_wconf 92' lang='lat' dir='ltr'>ccr-</span> 
     </span>
     <span class='ocr_line' id='line_1_31' title="bbox 26 3499 1175 3593; baseline 0.001 -23"><span class='ocrx_word' id='word_1_233' title='bbox 26 3532 28 3537; x_wconf 94' lang='lat'>·</span> <span class='ocrx_word' id='word_1_234' title='bbox 101 3506 211 3592; x_wconf 90' lang='lat' dir='ltr'>poris:</span> <span class='ocrx_word' id='word_1_235' title='bbox 235 3506 310 3571; x_wconf 87' lang='lat' dir='ltr'>audi</span> <span class='ocrx_word' id='word_1_236' title='bbox 333 3507 435 3572; x_wconf 85' lang='lat' dir='ltr'>verba</span> <span class='ocrx_word' id='word_1_237' title='bbox 458 3499 621 3573; x_wconf 82' lang='lat' dir='ltr'>Senecae:</span> <span class='ocrx_word' id='word_1_238' title='bbox 646 3513 715 3571; x_wconf 88' lang='lat' dir='ltr'>erat</span> <span class='ocrx_word' id='word_1_239' title='bbox 736 3508 893 3593; x_wconf 83' lang='lat' dir='ltr'>parvulus</span> <span class='ocrx_word' id='word_1_240' title='bbox 917 3513 1059 3572; x_wconf 89' lang='lat' dir='ltr'>statura:</span> <span class='ocrx_word' id='word_1_241' title='bbox 1081 3529 1175 3593; x_wconf 93' lang='lat' dir='ltr'>prop·</span> 
     </span>
     <span class='ocr_line' id='line_1_32' title="bbox 102 3611 1175 3699; baseline 0 -21"><span class='ocrx_word' id='word_1_242' title='bbox 102 3620 152 3678; x_wconf 91' lang='lat' dir='ltr'>ter</span> <span class='ocrx_word' id='word_1_243' title='bbox 187 3613 273 3699; x_wconf 93' lang='lat' dir='ltr'>quod</span> <span class='ocrx_word' id='word_1_244' title='bbox 303 3612 400 3678; x_wconf 89' lang='lat' dir='ltr'>etiam</span> <span class='ocrx_word' id='word_1_245' title='bbox 425 3611 572 3678; x_wconf 80' lang='lat' dir='ltr'>Catullus</span> <span class='ocrx_word' id='word_1_246' title='bbox 602 3613 636 3677; x_wconf 90' lang='lat' dir='ltr'>in</span> <span class='ocrx_word' id='word_1_247' title='bbox 665 3612 945 3698; x_wconf 87' lang='lat' dir='ltr'>hendecasyllabis</span> <span class='ocrx_word' id='word_1_248' title='bbox 971 3618 1066 3677; x_wconf 86' lang='lat' dir='ltr'>vocat</span> <span class='ocrx_word' id='word_1_249' title='bbox 1100 3634 1175 3678; x_wconf 92' lang='lat' dir='ltr'>eum</span> 
     </span>
     <span class='ocr_line' id='line_1_33' title="bbox 103 3718 1175 3807; baseline -0.001 -22"><span class='ocrx_word' id='word_1_250' title='bbox 103 3720 299 3805; x_wconf 87' lang='lat' dir='ltr'>salaputium</span> <span class='ocrx_word' id='word_1_251' title='bbox 329 3718 491 3783; x_wconf 90' lang='lat' dir='ltr'>disertum.</span> <span class='ocrx_word' id='word_1_252' title='bbox 530 3719 632 3785; x_wconf 90' lang='lat' dir='ltr'>Vides</span> <span class='ocrx_word' id='word_1_253' title='bbox 662 3720 796 3784; x_wconf 91' lang='lat' dir='ltr'>mullam</span> <span class='ocrx_word' id='word_1_254' title='bbox 831 3719 1022 3784; x_wconf 88' lang='lat' dir='ltr'>allusionem</span> <span class='ocrx_word' id='word_1_255' title='bbox 1051 3720 1086 3784; x_wconf 94' lang='lat' dir='ltr'>in</span> <span class='ocrx_word' id='word_1_256' title='bbox 1109 3721 1175 3807; x_wconf 94' lang='lat' dir='ltr'>cip·</span> 
     </span>
     <span class='ocr_line' id='line_1_34' title="bbox 102 3822 1175 3916; baseline 0.001 -27"><span class='ocrx_word' id='word_1_257' title='bbox 102 3825 203 3913; x_wconf 88' lang='lat' dir='ltr'>pum’.</span> <span class='ocrx_word' id='word_1_258' title='bbox 229 3826 339 3911; x_wconf 83' lang='lat' dir='ltr'>Atque</span> <span class='ocrx_word' id='word_1_259' title='bbox 362 3827 443 3890; x_wconf 89' lang='lat' dir='ltr'>haec</span> <span class='ocrx_word' id='word_1_260' title='bbox 469 3822 620 3910; x_wconf 86' lang='lat' dir='ltr'>Scaliger.</span> <span class='ocrx_word' id='word_1_261' title='bbox 658 3825 818 3916; x_wconf 83' lang='lat' dir='ltr'>Equidem</span> <span class='ocrx_word' id='word_1_262' title='bbox 843 3831 879 3890; x_wconf 92' lang='lat' dir='ltr'>ut</span> <span class='ocrx_word' id='word_1_263' title='bbox 902 3827 1131 3912; x_wconf 86' lang='lat' dir='ltr'>etymologiam</span> <span class='ocrx_word' id='word_1_264' title='bbox 1154 3847 1175 3891; x_wconf 91' lang='lat' dir='ltr'>a</span> 
     </span>
     <span class='ocr_line' id='line_1_35' title="bbox 102 3931 1174 4019; baseline 0.002 -23"><span class='ocrx_word' id='word_1_265' title='bbox 102 3933 174 3997; x_wconf 85' lang='lat' dir='ltr'>viro</span> <span class='ocrx_word' id='word_1_266' title='bbox 205 3952 328 3997; x_wconf 91' lang='lat' dir='ltr'>summo</span> <span class='ocrx_word' id='word_1_267' title='bbox 358 3931 574 4018; x_wconf 88' lang='lat' dir='ltr'>propositam,</span> <span class='ocrx_word' id='word_1_268' title='bbox 607 3953 702 4017; x_wconf 91' lang='lat' dir='ltr'>quam</span> <span class='ocrx_word' id='word_1_269' title='bbox 729 3938 831 3997; x_wconf 93' lang='lat' dir='ltr'>totam</span> <span class='ocrx_word' id='word_1_270' title='bbox 854 3931 924 3997; x_wconf 86' lang='lat' dir='ltr'>fere</span> <span class='ocrx_word' id='word_1_271' title='bbox 947 3932 1062 3998; x_wconf 91' lang='lat' dir='ltr'>deinde</span> <span class='ocrx_word' id='word_1_272' title='bbox 1084 3953 1174 4019; x_wconf 87' lang='lat' dir='ltr'>repe·</span> 
     </span>
     <span class='ocr_line' id='line_1_36' title="bbox 102 4036 1174 4126; baseline 0.002 -23"><span class='ocrx_word' id='word_1_273' title='bbox 102 4038 177 4104; x_wconf 84' lang='lat' dir='ltr'>tivit</span> <span class='ocrx_word' id='word_1_274' title='bbox 199 4037 416 4105; x_wconf 88' lang='lat' dir='ltr'>Doederlinus</span> <span class='ocrx_word' id='word_1_275' title='bbox 447 4036 586 4125; x_wconf 83' lang='lat' dir='ltr'>(Synon.</span> <span class='ocrx_word' id='word_1_276' title='bbox 610 4043 643 4103; x_wconf 91' lang='lat' dir='ltr'>et</span> <span class='ocrx_word' id='word_1_277' title='bbox 665 4038 773 4125; x_wconf 82' lang='lat' dir='ltr'>Etym.</span> <span class='ocrx_word' id='word_1_278' title='bbox 788 4039 847 4122; x_wconf 87' lang='lat' dir='ltr'>VI,</span> <span class='ocrx_word' id='word_1_279' title='bbox 872 4039 952 4126; x_wconf 81' lang='lat'>314)</span> <span class='ocrx_word' id='word_1_280' title='bbox 985 4039 1072 4104; x_wconf 88' lang='lat' dir='ltr'>haud</span> <span class='ocrx_word' id='word_1_281' title='bbox 1095 4061 1174 4105; x_wconf 88' lang='lat' dir='ltr'>sanc</span> 
     </span>
     <span class='ocr_line' id='line_1_37' title="bbox 103 4145 1174 4233; baseline 0.002 -25"><span class='ocrx_word' id='word_1_282' title='bbox 103 4150 225 4211; x_wconf 85' lang='lat' dir='ltr'>certam</span> <span class='ocrx_word' id='word_1_283' title='bbox 249 4145 396 4230; x_wconf 89' lang='lat' dir='ltr'>arbitror,</span> <span class='ocrx_word' id='word_1_284' title='bbox 420 4146 466 4210; x_wconf 90' lang='lat' dir='ltr'>ita</span> <span class='ocrx_word' id='word_1_285' title='bbox 490 4146 633 4211; x_wconf 89' lang='lat' dir='ltr'>eiusdem</span> <span class='ocrx_word' id='word_1_286' title='bbox 656 4145 950 4232; x_wconf 88' lang='lat' dir='ltr'>interpretationem</span> <span class='ocrx_word' id='word_1_287' title='bbox 967 4146 1174 4233; x_wconf 88' lang='lat' dir='ltr'>comprobare</span> 
     </span>
     <span class='ocr_line' id='line_1_38' title="bbox 102 4248 1173 4340; baseline -0.001 -24"><span class='ocrx_word' id='word_1_288' title='bbox 102 4272 168 4316; x_wconf 90' lang='lat' dir='ltr'>non</span> <span class='ocrx_word' id='word_1_289' title='bbox 189 4248 311 4318; x_wconf 89' lang='lat' dir='ltr'>dubito.</span> <span class='ocrx_word' id='word_1_290' title='bbox 358 4252 563 4339; x_wconf 81' lang='lat' dir='ltr'>Quapropter</span> <span class='ocrx_word' id='word_1_291' title='bbox 586 4273 697 4318; x_wconf 87' lang='lat' dir='ltr'>corum</span> <span class='ocrx_word' id='word_1_292' title='bbox 721 4253 859 4340; x_wconf 89' lang='lat' dir='ltr'>ineptias</span> <span class='ocrx_word' id='word_1_293' title='bbox 883 4252 938 4339; x_wconf 91' lang='lat' dir='ltr'>qui</span> <span class='ocrx_word' id='word_1_294' title='bbox 960 4252 1079 4339; x_wconf 85' lang='lat' dir='ltr'>spretis</span> <span class='ocrx_word' id='word_1_295' title='bbox 1096 4248 1173 4316; x_wconf 89' lang='lat' dir='ltr'>Sca·</span> 
     </span>
     <span class='ocr_line' id='line_1_39' title="bbox 101 4357 1173 4445; baseline -0.001 -24"><span class='ocrx_word' id='word_1_296' title='bbox 101 4358 197 4444; x_wconf 75' lang='lat' dir='ltr'>ligeri</span> <span class='ocrx_word' id='word_1_297' title='bbox 219 4359 328 4425; x_wconf 81' lang='lat' dir='ltr'>verbis</span> <span class='ocrx_word' id='word_1_298' title='bbox 352 4357 564 4442; x_wconf 87' lang='lat' dir='ltr'>emendando,</span> <span class='ocrx_word' id='word_1_299' title='bbox 579 4359 607 4424; x_wconf 91' lang='lat' dir='ltr'>si</span> <span class='ocrx_word' id='word_1_300' title='bbox 631 4359 682 4425; x_wconf 90' lang='lat' dir='ltr'>dis</span> <span class='ocrx_word' id='word_1_301' title='bbox 705 4360 823 4445; x_wconf 87' lang='lat' dir='ltr'>placet,</span> <span class='ocrx_word' id='word_1_302' title='bbox 846 4359 959 4424; x_wconf 87' lang='lat' dir='ltr'>tollere</span> <span class='ocrx_word' id='word_1_303' title='bbox 982 4359 1078 4422; x_wconf 91' lang='lat' dir='ltr'>huius</span> <span class='ocrx_word' id='word_1_304' title='bbox 1103 4377 1173 4422; x_wconf 84' lang='lat' dir='ltr'>ver-</span> 
     </span>
    </p>
   </div>
   <div class='ocr_carea' id='block_1_5' title="bbox 0 0 1288 4762">
    <p class='ocr_par' dir='ltr' id='par_1_5' title="bbox 0 0 1288 4762">
     <span class='ocr_line' id='line_1_40' title="bbox 0 0 1288 4762; baseline 0 0"><span class='ocrx_word' id='word_1_305' title='bbox 0 0 1288 4762; x_wconf 95' lang='lat' dir='ltr'> </span> 
     </span>
    </p>
   </div>
  </div>
 </body>
</html>
