2566 4762
535 211 748 286 ...34..

217 414 392 480 rosidus
429 417 492 500 61,
531 417 573 480 24
609 437 690 500 quos
725 416 892 501 (ramulos)
925 412 1176 503 Hamadryades

110 523 247 589 deae-
261 521 420 586 ludicrum
434 523 494 586 sibi
505 523 612 588 rosido
624 562 665 572 -
679 525 824 588 nutriunt
838 523 968 588 umore’.
984 523 1177 589 roscidus

107 629 183 695 libri
217 634 345 715 praeter
382 628 603 694 Veronensem
643 636 676 694 et
714 629 871 695 editiones
905 637 1041 716 excepta
1070 631 1178 697 Lech·

108 737 282 801 manniana
298 755 401 819 eaque
422 737 519 820 vulgo
543 737 716 800 utebantur
731 737 844 800 forma..
870 737 1042 801 roridus
1065 736 1179 800 dixere

108 842 298 929 Propertius
324 841 434 925 etqui
458 863 531 906 eum
554 848 682 907 secutus
705 850 754 907 est
776 843 940 930 Apuleius.
957 882 1001 892 -
1024 842 1180 907 Glossae:

106 949 232 1014 roaldus
256 964 449 1038 δεδροσμένος,
469 964 606 1040 δροσερός.

216 1088 463 1153 semitarius
500 1092 563 1173 37,
600 1091 640 1153 16
677 1108 787 1154 omnes
821 1084 931 1171 pusilli
962 1090 994 1148 et
1018 1081 1182 1147 semitarii
1265 1076 1269 1081 ’

107 1195 255 1259 moechi’.
302 1195 365 1269 Qui
387 1198 571 1263 meretrices
603 1194 832 1261 consectamini
856 1192 949 1258 obelo
973 1190 1007 1254 in
1029 1189 1183 1276 angipor-

106 1300 150 1365 tis
172 1306 356 1388 prestantes
377 1310 465 1369 recte
492 1304 719 1390 interpretatur
740 1300 887 1386 Vulpius.

213 1434 275 1501 His
300 1435 498 1501 addendum:

213 1571 520 1657 hyacinthinus
557 1573 619 1654 61,
655 1572 696 1635 89
731 1570 804 1634 talis
836 1569 918 1633 solet
941 1607 985 1616 -
1007 1572 1095 1630 stare
1117 1566 1182 1630 flos

108 1676 357 1764 hyacinthinus’.
403 1678 493 1744 Idem
516 1678 704 1742 vocabulum
735 1678 799 1742 alio
824 1696 921 1740 sensu
943 1673 1059 1758 legitur
1081 1672 1178 1736 Pers.

112 1786 141 1867 1,
166 1786 207 1849 32
232 1785 283 1848 oui
307 1785 393 1848 circa
416 1785 566 1849 humeros
590 1785 800 1870 hyacinthina
814 1783 951 1862 laenast,
965 1778 1022 1844 ubi
1038 1778 1181 1843 colorem

108 1889 269 1975 significat
290 1891 465 1978 hyacintho
489 1892 636 1975 similem,
660 1913 723 1976 quo
754 1912 849 1955 sensu
870 1888 954 1953 Plin.
978 1888 1031 1967 37,
1055 1886 1075 1948 5
1099 1885 1179 1972 (26)

110 1997 149 2061 77
176 2002 209 2061 11
232 1996 335 2063 Solia.
361 2001 402 2063 52
428 2001 503 2083 §66
521 1999 629 2064 dicunt
652 1997 956 2085 hyacinthizon
978 2000 1180 2072 (ὑακινθίζων)

110 2103 148 2167 cf.
174 2110 207 2168 'et
228 2104 317 2189 vulg.
343 2105 490 2170 1111111.
516 2105 697 2188 6111111111
724 2104 804 2168 aerii
834 2100 988 2166 coloris
1011 2105 1045 2164 et
1067 2097 1178 2165 carba

108 2207 171 2273 sini
195 2215 227 2273 et
248 2210 525 2296 hyacinthini.
571 2209 695 2274 Eadem
723 2208 955 2294 significatione
979 2225 1042 2289 qua
1065 2203 1178 2269 Octul-

107 2314 157 2378 lus
188 2315 431 2401 hyacinthinus,
456 2317 567 2381 dixere
591 2315 718 2380 infimae
742 2316 857 2380 aetatis
881 2313 1054 2398 scriptores
1078 2312 1179 2399 hya·

107 2421 324 2487 cinthaeus
362 2429 400 2487 ut
437 2424 577 2488 Venant.
603 2442 699 2490 carm.
725 2424 767 2506 8,
792 2425 822 2506 6,
857 2421 930 2487 270.
954 2458 998 2468 -
1021 2418 1177 2484 Ceterum

107 2533 144 2591 111
168 2527 312 2594 Catullus
335 2530 394 2594 flos
418 2530 663 2615 hyacinthinus,
690 2529 737 2592 ita
761 2528 878 2594 Graeci
903 2537 1066 2594 ὑακίνθινον
1085 2535 1176 2593 ἄνθος

108 2631 169 2698 Od.
196 2637 226 2717 6,
250 2637 324 2699 231.
350 2637 403 2719 23,
429 2638 502 2701 158.
527 2635 604 2700 Eur.
629 2635 696 2720 Iph.
722 2636 797 2700 Aul.
826 2638 921 2701 1298.

497 2961 547 3013 3.
576 2960 783 3013 verba.

211 3135 322 3202 Verba
351 3137 526 3222 singularia
550 3137 635 3223 apud
657 3136 817 3203 Catullum
841 3145 1013 3204 occurrunt
1034 3140 1128 3205 haec:

206 3271 408 3335 'confutuo
444 3272 507 3353 37,
543 3272 562 3335 5
586 3272 710 3357 putatis
736 3309 777 3319 -
802 3273 876 3337 solis
899 3274 999 3338 licere
1022 3272 1178 3359 quidquid

106 3380 157 3440 111
191 3376 373 3461 puellarum
410 3417 452 3428 —
486 3377 672 3442 confutuere
707 3385 739 3442 et
761 3384 872 3465 putare
896 3385 1019 3444 ceteros
1042 3381 1176 3446 hircos?

105 3481 137 3547 V
159 3482 391 3571 1111111111.ν

212 3613 390 3680 defutuo
430 3619 487 3700 41,
514 3619 528 3680 1
554 3615 710 3683 Ametina
732 3618 841 3704 puella
864 3616 1012 3683 defututa
1035 3655 1078 3666 -
1103 3625 1175 3686 tota

105 3720 197 3785 milia
217 3743 271 3786 me
294 3722 406 3787 decem
428 3723 581 3809 poposcit
603 3724 642 3787 ci.
668 3724 721 3807 29,
747 3726 786 3788 13
810 3730 846 3788 ut
868 3725 932 3788 ista
955 3731 1063 3790 vestra
1086 3723 1176 3791 defu·

103 3831 175 3891 tuta
205 3827 352 3892 Mentula
374 3867 418 3877 —
442 3827 607 3893 ducenties
644 3837 801 3894 comesset
835 3837 891 3895 aut
926 3832 1108 3896 trecenties’
1139 3832 1176 3917 (e

103 3933 306 3998 Lachmanni
344 3933 587 4017 emendatione;
624 3933 656 3999 V
697 3935 780 3999 diii
786 3942 920 4020 utura,
958 3937 1043 4001 unde
1079 3935 1175 4023 vulgo

103 4046 273 4135 legebatur
311 4047 496 4133 diffututa),
536 4049 622 4134 quod
661 4071 844 4137 quanquam
882 4074 946 4117 non
983 4059 1073 4118 extat
1109 4053 1176 4117 nisi

104 4155 167 4220 hac
189 4155 354 4242 participii
385 4156 487 4221 forma
511 4157 611 4222 tutius
635 4163 743 4224 tamen
764 4158 934 4224 videbatur
956 4161 1019 4226 huo
1042 4160 1175 4244 referre,

104 4282 177 4328 cum
212 4267 244 4328 et
278 4263 358 4329 illud
394 4264 546 4329 conhrtuo
570 4266 656 4351 apud
680 4269 784 4333 solum
807 4265 969 4333 (latullum
995 4267 1175 4356 reperiatur
1271 4326 1274 4333 .

103 4375 136 4434 et
158 4370 243 4457 quod
266 4370 407 4437 eundem
428 4370 528 4437 habet
551 4394 680 4439 sensum
