2566 4762
570 228 784 292 -30-

253 421 464 486 semhians
503 419 564 503 61,
600 418 665 486 216
700 420 793 483 dulce
830 421 933 483 rideat
956 420 996 484 ad
1019 425 1145 505 patrem
1168 459 1210 470 -

146 530 328 593 semhiante
345 527 488 591 labello’.
527 526 605 590 Sed
627 527 727 591 mihi
743 533 840 590 ante
866 525 897 588 V
914 527 997 611 quod
1023 527 1213 610 ingeniosis-

143 635 222 700 sime
246 635 387 698 correxit
410 633 553 717 Scaliger
582 633 653 696 coll.
679 632 761 696 Gell.
784 635 832 716 19,
856 635 898 717 11,
923 635 943 696 4
966 632 1042 695 dum
1064 633 1212 696 semhiul-

144 761 180 803 co
198 741 287 802 savio
311 778 354 787 -
378 759 484 802 meum
506 739 647 823 puellum
680 740 787 803 savior
812 739 850 802 cf.
874 745 907 803 et
928 740 1027 804 Macr.
1056 743 1087 823 2,
1110 741 1140 822 2,
1165 740 1210 803 u.

145 846 270 909 Eodem
293 844 451 909 vocabulo
475 867 551 910 usus
576 850 623 908 est
646 846 743 930 Apul.
766 852 841 910 met.
869 849 917 930 10,
947 847 990 911 28
1015 846 1211 909 semhiantes

111 978 114 983 ·
145 952 251 1015 adbuc
286 953 473 1036 compressit
506 952 631 1034 labias,
672 953 728 1015 ubi
751 952 1006 1038 Eyssenhardtio
1035 957 1116 1015 teste
1139 949 1210 1014 oud.

144 1058 239 1122 Laur.
264 1059 307 1142 pl.
335 1042 389 1138 69,
425 1061 444 1120 2
484 1060 656 1122 semiantes
694 1059 812 1142 habet,
851 1058 935 1143 quod
963 1059 1008 1122 nil
1039 1063 1087 1120 est
1121 1057 1212 1120 aliud

145 1186 239 1250 quam
290 1166 483 1229 semhiantes
534 1165 572 1228 cf.
622 1167 656 1248 5,
694 1168 733 1229 18
776 1166 831 1229 ubi
874 1166 972 1230 Laur.
1011 1165 1055 1249 pl.
1095 1166 1147 1247 69,
1190 1157 1225 1227 2

143 1264 298 1359 semlante
322 1273 349 1355 (i
371 1276 445 1355 post
476 1268 627 1358 semffadd.
650 1293 747 1335 manu
770 1271 927 1358 secunda)
951 1271 1090 1334 sementi
1112 1270 1213 1335 Laur.

144 1380 203 1460 29,
238 1380 269 1445 2.
294 1415 337 1424 -
361 1378 514 1440 Ceterum
550 1377 765 1440 consulendus
801 1377 841 1442 L.
870 1377 1048 1440 Muellerus
1092 1375 1132 1440 de
1172 1397 1210 1441 re

144 1488 232 1546 metr,
261 1484 325 1547 260
349 1483 403 1566 qui
420 1482 620 1546 scribendum
638 1504 707 1547 esse
731 1484 907 1547 semhians
929 1504 994 1546 non
1018 1483 1212 1546 semihians

143 1588 264 1672 optime
299 1588 404 1651 docuit
447 1589 571 1652 collatis
614 1589 735 1652 talibus
776 1589 885 1672 qualia
930 1595 1004 1652 suut
1042 1589 1214 1653 semhonri·

144 1713 218 1755 nem
242 1677 401 1757 semesum
425 1696 648 1776 semanimum,
665 1716 746 1779 quae
764 1701 837 1758 sunt
852 1695 1004 1758 librorum
1022 1695 1214 1759 auctoritate

143 1803 220 1861 tuta.

249 1905 495 1969 semilautus
531 1909 583 1989 54,
617 1907 638 1972 2
661 1905 739 1970 Neri
760 1907 880 1970 rustica
905 1908 1076 1970 semilauta
1100 1909 1212 1972 crura’

141 2009 209 2072 vid.
233 2009 329 2094 Vulp.
355 2013 408 2095 qui
437 2013 607 2076 semilauta
637 2014 866 2099 interpretatur
888 2015 972 2077 male
994 2015 1061 2077 lota
1083 2014 1215 2079 laudat·

142 2134 204 2198 que
243 2114 340 2179 Nonii
379 2116 478 2180 verba
520 2119 566 2202 (p.
597 2119 660 2183 337
698 2141 723 2181 5.
756 2141 787 2181 v.
810 2119 959 2204 lautum).
988 2160 1031 2168 -
1056 2119 1213 2185 Oeterum

139 2220 237 2304 longa
260 2244 319 2285 sua
344 2224 563 2309 disputatione
586 2225 667 2288 nihil
690 2225 814 2309 proficit
837 2227 887 2290 vir
910 2227 1033 2289 doctus.
1057 2194 1100 2276 -r-

249 2329 543 2393 semimortuus
574 2331 626 2413 50,
658 2332 695 2393 15
720 2336 754 2393 at
777 2330 904 2394 defessa
926 2331 1037 2395 labore
1061 2335 1214 2398 membra

141 2447 310 2523 postquam
343 2479 387 2490 --
421 2441 627 2505 semimortua
661 2440 779 2503 lectulo
802 2441 967 2504 iacebant'.
991 2439 1214 2523 semimortua,

140 2544 173 2607 id
211 2551 259 2608 est
292 2546 484 2629 elanguida,
522 2546 638 2609 inertia
666 2546 811 2631 adeoque
835 2548 991 2611 exhausta
1013 2545 1148 2629 viribus,
1175 2552 1215 2611 ut

140 2651 196 2713 vix
230 2652 366 2737 amplius
388 2652 513 2715 versari
546 2660 684 2736 possent,
717 2657 753 2715 ut
775 2658 863 2716 recte
887 2655 1029 2738 explicat
1053 2651 1215 2738 Deering.

140 2794 183 2804 —
206 2756 351 2820 Eandem
372 2778 482 2820 vocem
506 2757 605 2821 habet
623 2758 718 2841 Apul.
743 2765 819 2820 met.
842 2760 870 2842 6,
894 2761 935 2821 26
960 2781 1001 2822 55
1025 2757 1213 2823 custodiam

140 2882 219 2924 5555
242 2864 467 2925 semimortuae
491 2863 700 2926 formidabis?

248 2969 468 3033 semirasus
494 2971 545 3051 59,
577 2971 596 3031 5
621 2969 661 3032 ab
684 2971 838 3033 semiraso
863 2970 1050 3034 tunderetur
1074 2972 1212 3036 ustore’.

141 3073 304 3137 Semiraso
328 3095 368 3137 ex
383 3076 458 3158 igne
482 3076 709 3159 interpretatur
723 3075 879 3158 Muretus,
903 3075 986 3161 quod
1010 3097 1073 3139 non
1094 3095 1213 3142 rerum

140 3201 209 3243 esse
237 3180 394 3244 existimo.
440 3181 543 3244 Immo
569 3201 678 3245 servos
702 3181 908 3264 bustuarias,
932 3182 1090 3246 vilissima
1113 3203 1211 3247 man-

141 3269 247 3353 cipia,
282 3269 478 3351 ignominiae
503 3290 598 3333 causa
621 3269 765 3333 sordidos
795 3270 965 3333 admodum
989 3276 1085 3355 atque
1112 3272 1212 3336 semi-

139 3394 213 3436 raso
242 3374 358 3458 capillc
382 3374 480 3438 fuisse
502 3375 596 3439 valde
620 3376 786 3459 probabile
810 3381 868 3458 est,
891 3376 1138 3460 vid.,Doering.
1165 3415 1211 3427 -

139 3478 229 3542 Idem
262 3480 453 3543 vocabulum
488 3486 535 3544 est
563 3480 662 3565 Apul.
691 3487 766 3544 met.
791 3482 823 3564 9,
857 3483 895 3544 12
927 3482 1037 3566 quales
1059 3480 1128 3543 illic
1151 3482 1212 3548 ho-

140 3586 281 3649 munculi
304 3626 347 3634 —
372 3587 522 3671 capillum
550 3589 705 3651 semirasi.

246 3693 507 3757 silvicultrix
542 3694 601 3776 63,
638 3696 678 3757 72
714 3693 770 3756 551
805 3715 897 3758 cerva
928 3693 1121 3757 silvicultrix
1150 3697 1210 3761 ubi

139 3820 216 3883 aper
238 3800 479 3881 nemorivagus’.
495 3840 538 3848 -
553 3799 691 3863 Phaedr.
715 3799 750 3883 2,
781 3801 812 3880 4,
838 3801 857 3865 3
881 3821 935 3862 555
959 3800 1210 3866 nemoricul-

139 3905 227 3967 trix
249 3904 354 3967 fetum
377 3904 419 3966 ad
442 3904 541 3968 imam
556 3911 717 3989 posuerat,
741 3905 798 3967 ubi
821 3906 849 3969 L
875 3906 1050 3988 Muellerus
1072 3907 1210 3992 scripsit

139 4009 280 4073 nemoris
304 3995 432 4074 cultrixs
1256 4016 1260 4021 '

242 4115 305 4180 His
330 4116 403 4179 addi
427 4123 559 4201 possunt

243 4222 578 4287 inobservabilis
604 4224 656 4306 64,
682 4225 743 4289 115
768 4245 808 4287 ne
830 4223 1040 4310 labyrintheis
1070 4226 1206 4291 eflexi·
1253 4214 1266 4289 i'

137 4323 198 4390 bus
223 4329 444 4412 egredientem
460 4366 501 4377 -
518 4329 595 4392 tecti
610 4329 818 4393 frustraretur
833 4329 1080 4396 inobservabilis
1095 4331 1207 4398 error’.
