2566 4762
476 240 736 322 ‚-31-

92 475 139 487 -—
173 433 298 500 Eadem
332 455 396 498 vox
431 435 569 499 occurrit
606 457 657 521 ap.
681 437 763 501 Plin.
788 438 817 500 h.
849 459 878 500 n.
905 440 935 521 2,
962 438 1000 500 17
1025 437 1097 521 (15)
1124 441 1163 502 77

94 540 238 625 exempli
261 541 364 624 gratia
385 541 419 604 in
441 541 557 605 Martis
585 543 700 626 sidere,
724 545 813 607 euius
844 550 892 607 est
913 544 1053 608 maxime
1076 545 1166 608 inob-

96 647 269 713 servabilis
294 667 406 711 cursus

204 753 393 817 noctifer
418 756 469 837 62,
489 755 505 816 7
524 755 676 817 nimirum
701 754 842 820 Oetaeos
868 757 1008 820 ostendit
1030 757 1167 820 noctifer

95 861 207 945 ignes’.
253 860 304 923 De
326 859 474 944 Hespero
500 861 619 924 dictum
641 868 676 924 ut
699 860 787 946 Calp.
813 863 873 926 ecl.
903 865 998 944 6,121
1033 848 1166 947 frigidus

97 967 238 1031 aestivas
260 967 398 1052 impellit
422 966 556 1030 noctifer
580 969 686 1030 horas.

208 1072 402 1157 tardipes
433 1075 490 1155 36,
516 1075 533 1136 7
559 1075 648 1137 vovit
672 1075 791 1159 scripta
813 1075 970 1160 tardipedi
995 1075 1053 1138 deo
1079 1075 1167 1138 datu-

96 1201 193 1262 ram,
229 1179 261 1240 id
292 1186 351 1260 est,
373 1178 528 1242 Vulcano.
573 1180 699 1243 Eodem
722 1203 825 1263 sensu,
850 1183 906 1245 sed
930 1203 994 1245 non
1017 1182 1169 1251 adiuncto

96 1286 225 1349 nomine
260 1286 343 1370 quod
379 1292 430 1351 est
469 1287 546 1350 deus
582 1287 706 1353 Colum.
752 1308 804 1372 pe.
831 1288 881 1370 10,
909 1290 972 1351 419
1007 1279 1168 1372 tardipedi

98 1391 200 1456 sacris
230 1391 295 1454 iam
324 1392 386 1454 rite
409 1394 535 1475 solutio,
559 1414 654 1478 quam
677 1394 782 1456 locum
806 1395 873 1457 iam
898 1393 1018 1457 Statius
1043 1414 1167 1477 eompa-

97 1497 189 1560 ravit.
236 1496 327 1560 ldem
362 1499 555 1563 locutionem
588 1500 747 1583 tardipedi
781 1499 861 1583 deo,
893 1503 912 1564 i.
937 1522 961 1565 e.
987 1501 1053 1583 igni
1088 1500 1166 1562 dare

98 1602 244 1668 earmina
270 1603 456 1687 ‚illustravit
493 1605 546 1668 all.
583 1605 656 1668 Tib.
681 1606 706 1668 Ι.
738 1606 785 1690 (o,
814 1606 990 1691 49)P1·0p.
1020 1605 1078 1670 IV.
1110 1604 1166 1689 (V,

99 1711 130 1792 7,
155 1710 224 1795 78).

207 1815 257 1878 Ea
289 1836 371 1900 quae
396 1822 470 1877 sunt
493 1817 662 1879 vesaniens
687 1822 720 1879 et
744 1817 905 1879 defututus
930 1837 1111 1900 quanquam
1134 1817 1167 1879 in

99 1920 328 1984 adiectivorum
363 1942 497 1984 numero
525 1923 705 1985 referuntur
728 1922 825 2005 vulgo
849 1922 964 1984 melius
988 1924 1062 2006 poni
1085 1924 1167 1985 inter

101 2025 202 2089 verba
225 2025 310 2089 infra
332 2027 509 2111 apparebit.

208 2147 388 2232 Sequuntur
411 2150 475 2212 iam
500 2150 757 2212 denominativa:

208 2256 453 2340 carpatinns
493 2257 556 2337 98,
596 2259 615 2319 4
655 2257 756 2340 possis
787 2296 830 2304 -
854 2258 942 2320 culos
966 2263 998 2320 et
1021 2260 1166 2343 crepidas

98 2361 225 2444 lingere
260 2361 462 2447 carpatinas’.
508 2381 610 2444 genus
643 2362 753 2423 rustici
785 2362 1003 2445 calceamenti,
1029 2386 1046 2426 e
1069 2365 1165 2427 crudo

98 2487 139 2530 ao
160 2466 282 2528 recenti
306 2467 394 2529 corio
419 2467 550 2530 confecti
575 2468 714 2551 explieat
737 2467 881 2551 Doering
897 2469 933 2531 cf.
951 2469 1050 2532 etiam
1071 2470 1165 2533 Voss.

100 2572 225 2636 observ.
256 2592 287 2655 p.
313 2572 387 2637 327·
434 2572 613 2659 Hesychius
639 2594 663 2635 s.
687 2595 717 2640 v.
749 2592 927 2664 καρπάτινον·
948 2590 1076 2663 ἀγροικὸν
1102 2589 1166 2645 ὑπό-

98 2686 176 2754 δημα
202 2683 383 2758 μονόδερμον,
411 2686 442 2742 et
464 2680 522 2743 sub
545 2702 574 2744 v.
604 2690 763 2757 καρβατίνη·
783 2688 958 2756 bevenslaer
991 2687 1037 2740 καὶ
1063 2685 1167 2741 edesii?

100 2797 231 2871 riuo'dqptu
250 2799 387 2874 oiypocxe'v'
412 2787 494 2850 Poll.
510 2790 538 2869 7,
556 2789 597 2851 88
624 2804 776 2876 κ.·;ρβαῑίνη
802 2798 856 2869 μὲν
884 2801 1048 2873 ἆγροικικὸν’
1069 2803 1167 2875 ὖπόδη-

98 2928 150 2981 μα,
164 2905 269 2976 κληθὲν
283 2905 337 2962 ἀπὸ
352 2910 461 2981 Καρῶν.
481 2911 651 2980 Καρβατίνη,
665 2911 829 2982 repperiret
843 2901 927 2985 apud
943 2898 1079 2963 Graecos
1099 2922 1169 2985 pas·

98 2987 164 3050 sim
190 2986 349 3070 leguntur.

210 3092 475 3154 cuniculosus
500 3094 552 3174 37,
572 3095 610 3155 18
635 3094 841 3158 cuniculosae
866 3093 1056 3157 Celtiberiae
1078 3096 1168 3158 fili-

100 3198 247 3283 Egnati’.
294 3197 412 3261 oravit
445 3197 529 3260 hune
552 3219 679 3262 versum
703 3221 773 3262 cum
797 3200 1007 3284 praecedente
1029 3201 1168 3263 Priscia-

98 3327 162 3369 nus
185 3304 234 3367 bis
258 3301 298 3385 V,
324 3307 375 3384 77,
400 3305 473 3365 673.
498 3305 535 3367 Ρ.
564 3306 635 3386 188,
661 3308 699 3369 21
733 3305 767 3368 Η
799 3306 900 3388 ,unns’
924 3307 999 3390 quia
1023 3306 1061 3368 de
1077 3327 1169 3369 voea-

99 3411 169 3475 tivo
214 3409 345 3495 quidam
386 3409 542 3492 dubitant,
586 3409 690 3495 Caper
728 3411 929 3474 doctissimus
969 3413 1167 3495 antiquitatis

98 3522 314 3603 perscrutator
348 3515 486 3580 ostendit
521 3518 582 3580 hoe
617 3538 710 3580 usum
744 3516 907 3581 Catullum
941 3523 973 3580 et
1007 3518 1167 3580 Plautum.

101 3622 257 3704 Catullus,
280 3628 315 3684 tn
338 3628 463 3707 praeter
487 3643 594 3684 omnes
617 3644 678 3684 une
703 3622 742 3685 de
766 3625 978 3707 capillatis-
995 3622 1170 3686 Celtibero-

101 3749 159 3793 sac
193 3726 385 3791 Celtiberiae
419 3728 474 3790 fili'
509 3733 541 3790 et
573 3726 649 3810 VII,
674 3731 726 3808 22,
754 3731 814 3790 741
840 3730 878 3792 Ρ.
904 3730 977 3810 305,
1004 3730 1040 3790 11
1066 3728 1109 3791 Η.
1134 3735 1169 3791 tu

101 3840 230 3920 praeter
265 3871 306 3880 —
346 3834 400 3896 fili.
447 3833 560 3896 Priore
594 3834 666 3896 loeo
694 3854 812 3915 omnes,
836 3835 1009 3918 posteriore
1033 3841 1169 3918 excepto

103 3940 255 4004 darmste.
290 3939 359 4023 (ubi
382 3961 424 4003 ex
450 3940 577 4005 Catullo
601 3942 804 4005 cuniculosae
832 3940 1031 4024 restitutum)
1055 3939 1170 4002 itidem

103 4068 215 4111 omnes
239 4047 329 4110 codd.
366 4046 583 4110 Celtiberosae
614 4047 753 4130 habent;
794 4047 1000 4132 quamebrem
1023 4045 1065 4108 Is.
1090 4045 1168 4110 Vos·

104 4153 172 4216 sius
208 4152 249 4215 ad
271 4152 346 4216 Mel.
379 4174 410 4237 p.
439 4153 503 4217 233
539 4151 594 4237 (cf.
620 4153 740 4216 observ.
764 4175 796 4238 p.
821 4152 880 4236 92)
911 4152 1047 4215 coniecit
1069 4149 1168 4214 Celtis

101 4278 236 4344 perosae
281 4257 472 4323 Celtiberiae
512 4258 578 4342 fili,
636 4259 677 4323 ad
717 4260 898 4323 litterarum
943 4256 1071 4340 quidem
1111 4255 1168 4318 du·

10 4382 26 4411 ··
103 4370 177 4429 ctus
212 4364 290 4427 satis
321 4366 480 4450 speciose,
511 4363 553 4428 ad
584 4366 776 4429 sententiam
806 4366 923 4447 inepte.
961 4361 1073 4446 Neque
1094 4380 1168 4425 vero
