2566 4762
528 251 742 313 ..55-

103 442 135 524 3,
162 444 210 506 14.
234 442 319 507 Plin.
341 442 374 505 h.
398 464 429 505 u.
457 442 507 524 13,
531 443 584 505 29.
608 481 651 490 -
675 441 790 507 Altera
819 448 870 507 est
897 444 1043 508 adieetivi
1068 443 1170 508 forma

102 549 276 635 thyinus
305 549 389 634 vulg.
416 549 462 612 Ιο.
493 570 585 635 apoc.
614 550 664 632 18,
700 549 740 616 12
764 555 797 613 et
820 571 914 614 omne
937 550 1061 634 lignum
1085 552 1170 637 thyi-

103 677 178 719 num
201 659 316 745 (ctuuoc
338 653 486 741 Graeci).

209 763 296 828 Addi
318 768 469 849 possunt:
554 753 557 758 ’

209 871 451 935 armillatus
487 869 527 952 V,
559 872 589 953 8,
614 872 666 935 24.
714 870 827 934 Serica
861 892 937 934 nam
960 877 1052 935 taceo
1087 873 1169 937 volsi

102 986 254 1063 carpenta
276 978 402 1064 nepotis
415 982 568 1062 —atque
592 979 767 1042 armillatos
792 979 874 1042 colla
885 978 1030 1044 Molossa
1052 981 1169 1049 eanes'.

102 1086 227 1151 Eodem
251 1088 409 1151 adiectivo
433 1107 510 1151 usus
534 1092 584 1150 est
608 1085 739 1151 Sueten.
765 1087 868 1171 Oalig.
892 1108 918 1150 o.
944 1089 1000 1151 52:
1030 1089 1171 1151 armilla-

101 1199 152 1258 tus
175 1196 209 1258 in
232 1194 398 1280 publicum
420 1193 588 1279 processit,
612 1198 646 1257 et
661 1193 738 1257 Ner.
754 1195 796 1256 30
820 1195 983 1258 armillata
1006 1200 1039 1259 et
1062 1195 1171 1281 phale·

101 1306 173 1364 rata
196 1301 302 1365 turba.
1234 1294 1237 1298 ⁵

211 1413 244 1471 et

209 1512 406 1578 carbasus
437 1513 500 1579 adi.
524 1512 565 1597 V,
590 1515 620 1597 3,
645 1514 686 1578 64
710 1517 843 1598 raptaue
868 1512 1001 1577 odorato
1034 1515 1171 1580 carbasa

103 1621 171 1684 lina
195 1620 286 1687 duci'.
310 1661 354 1671 —
377 1620 610 1704 carbasum,
633 1621 645 1683 i
668 1619 782 1684 Pacat.
806 1641 880 1706 pan.
903 1621 937 1684 in
962 1621 1085 1685 Theod.
1110 1624 1170 1705 333

102 1728 282 1812 carbasi,
318 1748 407 1792 orum
430 1727 537 1792 Amin.
572 1729 622 1811 14,
652 1729 683 1810 8,
710 1728 759 1791 14.
806 1726 902 1792 Aliae
937 1727 1168 1794 adiectivomm

101 1834 223 1898 formae
261 1841 336 1899 sunt
373 1837 491 1901 haece:
527 1834 725 1898 carbaseus
768 1832 847 1917 eie,
890 1833 996 1918 Verg,
1031 1836 1171 1900 carbasi-

101 1962 203 2005 ueus
239 1941 334 2008 Varr.
368 1962 418 2026 ap.
452 1940 555 2025 Non,
588 1939 811 2004 carbasinus
834 1939 938 2023 Plin.,
962 1940 1057 2007 Mart.
1082 1941 1169 2028 Oap,

100 2048 212 2134 Vulg,
230 2049 319 2115 subs.
344 2048 540 2113 carbasina
562 2046 658 2133 Apul.
674 2043 845 2109 —Graeci
869 2045 1028 2112 adiectiva
1051 2047 1171 2112 habent

101 2156 198 2219 haec:
222 2165 393 2237 καρπάσινος
413 2154 507 2220 Dion.
531 2152 592 2236 Η.,
617 2151 736 2238 strab,
759 2165 911 2240 καρπάσιος
934 2155 1033 2219 Faus.

210 2260 431 2347 Compositum
453 2281 554 2325 unum
576 2260 676 2325 habet
698 2261 786 2326 solus
808 2261 999 2346 Propertius

209 2369 433 2454 impressus
458 2367 523 2449 ΙΠ,
547 2366 601 2450 32,
622 2369 639 2431 7
658 2367 777 2432 missus
802 2372 834 2432 et
856 2367 1025 2454 impressis
1047 2365 1171 2431 haedus

102 2476 142 2540 ab
167 2474 343 2539 uberibus’.
368 2473 522 2558 Scaliger,
545 2474 712 2560 impressa,
736 2473 850 2558 inquit,
872 2473 985 2556 ubera,
1009 2494 1073 2537 non
1088 2473 1170 2536 mul·

102 2590 165 2666 ota,
201 2583 225 2646 ii
252 2582 338 2648 enim
360 2582 557 2669 pinguiores,
583 2601 718 2666 quorum
740 2587 861 2645 matres
884 2601 948 2645 non
977 2581 1171 2666 mulgentur.

102 2689 211 2775 Atque
233 2691 316 2755 hanc
338 2689 639 2774 interpretationem
662 2709 772 2752 veram
795 2708 869 2753 esse
892 2688 1053 2753 existimo.

208 2796 281 2862 Non
305 2796 552 2882 Propertianum
576 2794 702 2861 videtur
724 2796 807 2860 illud

211 2905 376 2969 ardidus
405 2904 450 2987 ΙΙ,
483 2903 513 2985 3,
544 2905 589 2969 24
611 2924 677 2967 non
700 2902 762 2966 tibi
785 2903 932 2967 nascenti
954 2902 1078 2988 primis,
1100 2922 1174 2966 mea

103 3012 188 3094 vita,
227 3011 342 3076 diebus
365 3050 409 3060 —
437 3010 569 3074 ardidus
593 3015 743 3094 argutum
768 3011 904 3074 sternuit
931 3030 1024 3074 omen
1048 3008 1173 3073 Amor?

103 3159 147 3169 —
178 3119 232 3183 Ita
267 3119 336 3183 fere
369 3117 446 3181 libri
479 3116 650 3202 (arduus
682 3115 745 3202 (i).
791 3115 838 3181 At
870 3117 968 3181 aliter
991 3117 1068 3180 citat
1089 3117 1174 3181 hunc

103 3245 236 3291 versum
270 3221 414 3289 Maerob.
439 3222 478 3287 de
513 3220 582 3287 diff.
604 3242 650 3307 gr.
675 3227 707 3287 et
736 3222 792 3286 lat.
816 3241 846 3286 v.
868 3221 910 3305 V,
935 3221 999 3288 626
1023 3227 1172 3287 sternuto

101 3329 370 3416 frequentativum
405 3332 453 3393 est
485 3325 700 3413 apriuoipali
738 3332 921 3392 sternuo.
966 3326 1172 3413 Propertius:

102 3435 260 3501 candidus
297 3439 454 3520 augustae
493 3431 630 3496 sternuit
667 3451 761 3496 omen
799 3430 907 3497 amor’.
953 3431 1010 3495 ubi
1032 3431 1174 3498 ridenda

101 3540 278 3605 Passeratii
317 3539 483 3605 adnotatio
526 3544 601 3624 apte
635 3537 831 3602 conferentis
864 3539 1023 3623 Propertii
1056 3557 1172 3602 versus

102 3643 160 3730 (V,
187 3646 214 3728 1,
232 3646 273 3707 67
298 3644 361 3731 sq.)
383 3643 490 3708 Roma
512 3642 597 3726 fave,
620 3642 680 3706 tibi
704 3643 806 3727 surgit
828 3663 920 3729 opus,
943 3642 1017 3707 date
1035 3642 1172 3708 candida

102 3751 189 3816 cives
223 3788 268 3799 -
303 3750 411 3813 omina
442 3754 475 3813 et
497 3749 632 3834 inceptis
657 3746 792 3813 dextera
816 3754 927 3814 cantet
950 3749 1033 3832 avis,
1057 3755 1089 3812 et
1113 3747 1173 3813 Oa·

103 3858 174 3920 tulli
190 3856 259 3942 (45,
277 3858 297 3918 8
314 3858 378 3940 sq.)
391 3855 452 3918 hoc
466 3861 503 3919 ut
517 3855 601 3918 dixit
614 3853 727 3937 Amor,
750 3855 880 3919 sinistra
895 3859 932 3917 ut
947 3859 1022 3918 aute
1037 3893 1081 3901 -
1096 3852 1169 3916 dex·

101 3968 151 4027 tra
174 3962 314 4027 sternuit
337 3961 612 4046 adprobationem.
658 3961 899 4026 Brouckhusins
924 3960 1063 4025 coniecit
1095 3981 1172 4024 au·

101 4090 228 4153 reus,
252 4069 340 4156 quod
362 4072 489 4132 tantum
511 4088 576 4132 non
598 4073 790 4153 perpetuum
807 4086 881 4131 esse
897 4064 1030 4131 Amoris
1047 4067 1172 4152 epithe-

102 4181 157 4240 ton
191 4177 351 4262 exemplis
385 4179 436 4238 sat
470 4174 580 4239 multis
603 4192 752 4238 asserere
775 4171 891 4237 studet.
938 4171 1005 4236 Alii
1028 4173 1172 4258 ineptam

102 4280 176 4345 libri
190 4281 448 4367 Hamburgensis
465 4281 658 4365 scripturam
682 4279 822 4344 aridus
845 4279 1036 4365 probavere.
1057 4278 1174 4340 Herbu-
1217 4358 1222 4365 ι

102 4387 232 4471 borgius
272 4388 414 4454 retinuit
451 4385 537 4456 illut
576 4385 714 4454 artibus
750 4384 1033 4471 comparatum
1061 4374 1215 4437 cumbe
