2566 4762
607 224 822 290 ..14-

177 416 314 484 dictum'.
360 417 505 483 Achilles
540 439 668 505 quoque
712 418 835 484 Statius
852 418 1139 504 acquiescendum
1185 421 1247 487 sibi

176 528 306 611 putavit
339 527 373 592 in
397 525 587 601 Quintiliani
610 527 764 613 Festiquc
791 525 1069 612 interpretatione.
1114 527 1185 592 Alii
1207 527 1248 592 de

176 633 274 698 verbo
297 654 410 719 graeco
434 647 524 700 πλέκω
543 635 739 719 cogitabant,
762 635 838 720 quia
860 634 985 699 seilicet
1007 655 1024 699 e
1044 635 1165 701 vimine
1180 635 1247 722 ple-

62 784 65 789 ‹
174 761 307 826 rumque
341 746 492 806 contexta
527 746 610 806 esset
639 762 744 826 capsa,
771 760 906 826 eamque
928 739 1113 825 opinionem
1136 748 1247 806 nostra

174 851 283 911 aetate
307 868 399 912 suam
422 847 497 911 fecit
510 846 732 913 Doederlinus
756 845 846 934 (Syn.
871 852 904 911 et
926 845 1031 933 Etym.
1046 846 1106 912 VI.
1119 869 1148 932 p.
1163 847 1247 932 273)

174 955 229 1039 qui
258 975 411 1040 egraeco
444 967 581 1020 πλόκανον
616 954 789 1019 deduceret
820 953 900 1018 illud
935 951 1138 1018 vocabulum.
1183 952 1248 1018 His

176 1061 324 1125 omnibus
355 1081 447 1126 suam
484 1062 637 1148 opposuit
672 1061 717 1126 Js.
742 1059 877 1126 Vossius
901 1059 1105 1141 sententiam,
1130 1059 1247 1144 quovis

174 1167 307 1253 pignore
341 1168 548 1252 contendens,
584 1169 737 1232 celticam·
750 1168 802 1232 vel
825 1167 1042 1252 germanicam
1065 1185 1139 1230 esse
1163 1167 1251 1230 hanc

174 1295 286 1339 vocem
308 1295 410 1360 neque
434 1274 524 1339 aliud
547 1275 728 1359 significare
753 1274 815 1339 nisi
840 1279 990 1338 aratrum
1036 1270 1246 1346 Quinetiam

174 1382 372 1466 comparavit
406 1383 463 1446 illa
501 1403 583 1468 quae
619 1388 694 1447 sunt
728 1381 813 1467 apud
846 1381 988 1446 Batavos
1022 1379 1109 1464 plog,
1131 1379 1247 1465 plaug,

171 1488 320 1571 plauwen
351 1488 454 1573 (apud
477 1487 658 1553 Germanos
693 1490 794 1574 pflug)
821 1489 991 1574 attulitque
1013 1486 1113 1551 Plinii
1136 1486 1245 1551 locum

171 1593 314 1679 (XVIII,
342 1597 382 1660 18
406 1594 482 1679 (48)
508 1595 588 1679 172)
612 1593 667 1659 ubi
683 1615 814 1659 vomera
824 1595 938 1659 rotulis
953 1595 1112 1657 instructa
1128 1613 1247 1657 vocan-

169 1704 219 1764 tur
241 1701 453 1786 plaumorata.
509 1699 581 1784 Ego
605 1721 678 1763 cum
701 1721 806 1784 neque
830 1703 906 1765 novi
931 1702 1101 1789 quicquam
1127 1705 1244 1772 afferre

169 1808 289 1891 possim
327 1826 431 1893 neque
468 1827 545 1870 vero
567 1806 677 1871 Vossii
719 1812 751 1870 et
786 1807 813 1870 si
847 1808 902 1893 qui
925 1827 999 1872 eum
1036 1812 1138 1877 secuti
1166 1820 1245 1878 sunt

169 1913 304 1998 probare
333 1914 545 1978 temeritatem
581 1914 675 1977 unice
708 1934 818 1978 veram
853 1933 923 1979 esse
946 1917 1095 1982 existimo
1120 1919 1241 1985 Mureti

169 2018 330 2107 Statiique
353 2021 521 2102 rationem,
545 2020 601 2105 qui
624 2021 658 2084 in
682 2020 913 2085 obscurissima
936 2041 971 2085 re
986 2028 1131 2088 veterum
1154 2027 1243 2090 testi-

168 2127 276 2191 monia
298 2127 387 2212 sequi
411 2147 509 2212 quam
531 2126 699 2210 indulgere
722 2126 918 2192 coniecturis
943 2127 1117 2194 malebant.

274 2234 532 2319 salaputium
556 2231 640 2314 53,5
664 2230 696 2295 di
719 2232 827 2316 magni
844 2233 1037 2317 salaputium
1065 2237 1241 2303 disertum’.

168 2338 294 2404 (litatur
327 2341 378 2404 hic
413 2340 503 2403 locus
527 2360 547 2402 a
569 2337 693 2403 Seneca
717 2342 815 2402 contr.
839 2338 916 2422 VH,
940 2339 1025 2426 (ΠΙ)
1053 2343 1091 2405 19
1115 2366 1145 2429 p.
1172 2347 1238 2410 211

167 2445 260 2510 Burs.
285 2453 355 2510 erat
378 2445 464 2511 enim
487 2444 639 2531 (Salvus)
662 2444 815 2530 parvulus
840 2450 972 2528 statura,
997 2454 1129 2532 propter
1152 2451 1239 2533 quod

167 2551 263 2615 etiam
287 2551 432 2617 Catullus
455 2551 489 2615 in
511 2549 784 2637 hendecasyllabis
806 2559 901 2617 vocat
922 2553 1013 2617 illum
1028 2555 1239 2640 ,salaputium

166 2656 331 2722 disertum’
355 2658 642 2743 (salaputtium
657 2677 713 2720 ex
735 2656 818 2722 libro
841 2658 1047 2724 Bruxellensi
1069 2661 1240 2749 Bursian3

166 2765 384 2851 salaputium,
420 2764 630 2850 saliputium,
653 2763 851 2849 saluputium
883 2765 939 2830 alii
963 2765 1038 2830 libri
1062 2765 1237 2855 Senecae).

166 2870 285 2935 Satulli
324 2871 450 2936 codices
489 2871 612 2936 habent
650 2871 952 2956 salapucium
996 2874 1049 2938 vel
1096 2876 1239 2941 sala-

164 2978 355 3063 putium
385 2978 450 3043 nisi
481 2977 567 3063 quod
597 2978 737 3063 optimus
767 2977 849 3042 liber
872 2979 1236 3064 salapantium.

164 3085 203 3148 In
246 3106 310 3170 qua
348 3084 501 3150 librorum
545 3085 682 3149 lectione
721 3083 801 3148 adeo
842 3083 1043 3150 desudabant
1080 3088 1238 3174 interpre-

164 3197 212 3256 tes
251 3199 309 3256 aut
344 3190 544 3256 emendanda
579 3196 635 3254 aut
658 3189 860 3275 explicanda,
894 3192 949 3256 vix
983 3197 1019 3256 ut
1053 3194 1152 3258 alium
1176 3195 1237 3261 Oa·

165 3297 238 3360 tulli
271 3298 376 3363 locum
409 3298 560 3362 invenias
595 3295 706 3360 eodem
730 3296 825 3361 modo
848 3304 1011 3364 vexatum.
1054 3299 1098 3363 Et
1112 3301 1236 3386 primus

164 3403 292 3486 quidem
315 3403 453 3468 mutavit
475 3402 598 3467 Paulus
622 3401 796 3485 Manutius,
820 3404 874 3488 qui
896 3425 911 3467 s
927 3403 996 3467 ali
1013 3405 1122 3492 cipp
1141 3407 1152 3471 i
1168 3430 1189 3472 u
1201 3431 1235 3472 m

163 3510 307 3593 coniecit,
343 3530 529 3594 comparans
544 3506 696 3575 Senecae
730 3509 846 3593 locum,
880 3509 972 3574 cuius
1006 3509 1102 3575 finem
1136 3534 1235 3598 supra

163 3617 340 3682 attulimus:
363 3617 448 3682 idem
470 3616 621 3702 (Salvus)
644 3621 760 3701 postea
783 3636 854 3680 eum
876 3616 1041 3681 videreta
1065 3619 1234 3686 clientibus

163 3720 295 3789 Satoris
332 3722 380 3787 rei
419 3723 467 3788 sui
502 3722 683 3788 Pollionem
717 3720 869 3786 Asinium
913 3722 1163 3789 circumventum
1198 3727 1232 3790 in

162 3830 277 3912 sorite,
308 3829 431 3914 imponi
461 3849 496 3894 11
536 3849 660 3914 supra
700 3827 867 3912 cippum
889 3828 994 3893 iussit.
1041 3829 1124 3895 Erat
1147 3832 1231 3895 enim
1279 3886 1281 3891 .

161 3934 315 4018 parvulus
338 3939 460 3999 statura
484 3955 512 3999 1.
536 3954 604 4020 q.s
661 3932 771 4018 Atque
795 3954 868 3998 eam
890 3935 1106 4000 coniecturam
1133 3943 1233 4002 certa·
1274 3994 1276 3999 .

162 4043 220 4105 tim
242 4041 421 4127 probavere
444 4042 590 4107 homines
614 4040 709 4104 docti.
755 4039 899 4106 Muretus
921 4042 1063 4107 laudatis
1089 4040 1230 4110 Senecae
1273 4021 1281 4109 1

162 4147 268 4213 verbis
302 4148 487 4236 ι1111111111,
509 4148 625 4234 inquit,
648 4145 795 4212 Catullus
819 4148 915 4213 valde
937 4150 1046 4215 risisse
1068 4170 1121 4233 se,
1143 4150 1231 4235 quod
1279 4130 1281 4169 ⁴

163 4274 236 4318 oum
260 4253 379 4322 Salvus
401 4256 484 4320 mira
506 4254 661 4320 orationis
678 4254 880 4319 vehementia
899 4255 932 4319 in
947 4255 1118 4321 Vatinium
1134 4255 1230 4320 dixis-

103 4322 221 4472 *t
254 4362 383 4447 quidam
418 4383 437 4428 e
474 4382 593 4427 corona
628 4360 807 4426 admiratus
831 4362 865 4425 in
889 4363 1016 4428 tantulo
1040 4361 1228 4448 corpusculo
