2566 4762
394 1041 456 1147 d„
502 1040 890 1169 responaens„

282 1284 321 1347 cf.
346 1284 541 1369 Hertzbcrg.
577 1290 714 1370 quaestt.
738 1284 901 1370 Propertt.
929 1281 999 1347 163.

216 1388 285 1452 lam
317 1391 350 1453 in
374 1392 537 1476 Propertii
559 1392 693 1456 vocibus
716 1390 929 1475 singularibus
953 1386 1187 1452 enumerandis

110 1495 238 1560 difficile
267 1496 355 1560 dictu
392 1504 440 1561 est
474 1518 631 1581 quaenam
658 1496 821 1584 sequenda
843 1496 886 1560 sit
907 1496 999 1578 ratio,
1023 1516 1097 1559 oum
1123 1514 1192 1569 eae,

108 1603 280 1687 pleraeque
312 1605 376 1668 sint
407 1612 463 1669 aut
484 1606 766 1691 nomina‘propria
790 1609 845 1669 aut
869 1603 1026 1668 adiectiva
1049 1602 1090 1667 ab
1116 1602 1186 1668 illis

108 1709 263 1794 derivata,
280 1730 414 1794 quorum
430 1712 456 1775 si
472 1712 526 1774 vel
541 1717 639 1775 totam
655 1712 851 1796 farraginem
863 1711 1107 1795 diligentissime
1120 1709 1187 1777 eol·

107 1816 226 1880 lectam
260 1817 416 1900 habebis,
452 1818 533 1881 nihil
563 1825 618 1881 aut
652 1818 842 1903 perpaulum
877 1819 918 1882 ad
941 1817 1185 1881 accuratiorem

108 1923 237 2008 linguae
259 1925 382 1988 latinae
406 1925 619 2008 coguitionem
643 1926 824 2010 profeceris.
852 1925 942 1989 Idem
965 1944 1043 1988 sane
1067 1923 1187 1989 evenit

108 2030 141 2093 in
177 2031 301 2095 Tibulli
339 2033 529 2096 carminibus
558 2038 590 2096 ct
614 2032 808 2117 panegyrico
831 2031 1017 2113 Messalae3
1041 2034 1075 2093 at
1098 2028 1186 2093 diffi-

110 2136 200 2200 cilior
234 2140 334 2201 multo
370 2142 402 2200 ct
436 2138 603 2202 molestior
626 2138 659 2201 in
683 2137 854 2223 Propertio
877 2157 930 2200 res
955 2142 1019 2217 est,
1058 2135 1185 2222 quippe

108 2244 162 2328 qui
196 2250 264 2307 tam
297 2244 398 2307 multa
425 2245 522 2308 istius
548 2246 677 2329 generis
700 2245 838 2326 habeat,
876 2244 964 2306 nullo
987 2247 1022 2306 ut
1045 2242 1185 2327 negotio

107 2351 224 2416 iustum
259 2351 488 2414 enumerandis
516 2351 556 2414 iis
580 2355 791 2437 accurateque
815 2349 1003 2415 enarrandis
1024 2349 1185 2415 volumen

107 2457 216 2543 possis
247 2456 412 2522 conficere.
459 2457 575 2543 Itaque
610 2479 680 2520 cum
716 2478 777 2521 nec
810 2457 962 2543 persequi
995 2456 1103 2521 fusius
1127 2457 1185 2521 hie

109 2565 177 2630 loci
200 2566 289 2629 illam
313 2565 531 2649 quaestionem
553 2564 670 2629 uellem
693 2585 796 2648 neque
817 2584 893 2628 vero
910 2563 1064 2627 frustrare
1079 2562 1186 2628 leoto-

109 2672 240 2734 remiis
264 2692 345 2755 quae
369 2671 404 2733 in
427 2691 498 2734 eam
519 2690 587 2733 rem
612 2671 818 2754 collegeram,
843 2670 995 2754 optimum
1011 2667 1187 2733 videbatur

108 2798 298 2842 enumerare
332 2776 461 2863 quidem
496 2776 651 2841 vocabula
683 2777 790 2840 omnia
824 2814 865 2824 —
901 2776 964 2860 uisi
986 2773 1072 2859 quod
1096 2774 1187 2859 fugit

106 2883 310 2968 dlligentiam
354 2923 412 2966 -,
455 2884 537 2946 nihil
584 2887 690 2945 autem
729 2881 858 2946 adicere
893 2882 1185 2967 interpretationis,

107 3011 201 3074 quam
238 2991 345 3076 quivis
380 2990 494 3054 h'arum
528 3010 634 3053 rerum
671 2990 814 3054 curiosus
848 2996 960 3075 petere
994 2990 1118 3074 poterit
1141 3010 1186 3055 ex

106 3096 280 3160 uberrimis
303 3095 511 3179 Hertabergii
534 3096 735 3179 aliorumque
759 3094 1007 3160 commentariis.
1020 3134 1065 3143 -
1080 3096 1183 3162 Oete·

106 3203 220 3286 roquin
254 3202 390 3266 eundem
423 3203 592 3285 ordinem,
626 3223 687 3287 quo
701 3203 748 3286 ,in
771 3201 896 3267 Catullo
920 3207 1017 3287 atque
1040 3201 1183 3269 Tibullo

106 3330 184 3374 usus
207 3332 288 3393 sum,
311 3316 343 3373 et
366 3311 419 3374 hic
442 3310 587 3375 servabo.

534 3536 746 3544 -——-—--—

524 3710 558 3802 Ι.
593 3710 758 3802 Graeca.

401 3939 435 3991 1.
462 3938 651 3993 Nomina
670 3941 875 4007 propriu.

211 4104 380 4201 ¹Amycle
398 4114 447 4198 V,
486 4116 515 4198 b,
541 4115 583 4180 35
606 4114 739 4200 Ingerat
761 4114 890 4200 Apriles
913 4115 985 4180 Jole
1008 4115 1079 4201 tibi,
1104 4125 1185 4189 tun.

93 4223 154 4285 dat
186 4221 329 4308 Amycle
366 4263 410 4270 —
444 4222 587 4287 natalem
620 4221 707 4287 Mais
740 4222 854 4286 idibus
889 4242 959 4305 esse
993 4227 1110 4293 tuum’.
1137 4268 1187 4281 -

73 4341 227 4410 ssstria‘ae'af,
247 4367 290 4411 ort,
312 4343 329 4401 o‘
353 4336 485 4402 liabent
509 4335 646 4403 Graeci.
