2566 4762
379 216 719 286 .--52-

79 406 181 470 omnis
216 406 320 470 adhuc
354 412 499 472 veterum
531 413 621 472 tenor
656 414 690 472 et
723 432 816 475 sacer
852 412 938 476 aeris
962 451 1006 461 —
1031 412 1155 497 pulsus

79 519 111 577 et
133 535 210 578 eoae
233 516 446 578 memoratrix
469 515 551 579 tibia
574 537 713 602 pugnae.

187 620 473 685 substantivorum
504 624 689 708 ceteroquin
713 630 762 687 sat
788 625 1000 709 frequentium
1024 626 1158 692 formae

81 727 168 813 apud
191 729 301 792 solum
323 728 532 811 Propertium
555 729 698 792 inveniri
719 730 869 794 videntur
891 730 989 795 haec:

189 834 379 898 eximium
403 833 444 916 V,
468 835 518 917 10,
543 837 561 898 6
587 841 621 900 et
644 837 759 901 exuvie
782 838 895 922 plenus
920 839 960 902 ab
983 841 1081 904 hoste
1106 862 1158 905 rc·

81 942 150 1007 dis’.
173 942 280 1025 Vulgo
305 940 456 1005 dicebaut
480 943 649 1007 exuviae.

188 1049 448 1132 spectaclum
483 1046 524 1131 V,
560 1049 590 1130 8,
630 1050 668 1113 21
705 1051 904 1134 spectaclum
934 1051 1006 1137 ipsa
1030 1052 1156 1118 sedens

81 1156 184 1240 primo
207 1160 337 1218 temone
361 1154 535 1241 pependit’.

445 1424 501 1475 11.
525 1423 786 1478 Adiectiva.

189 1598 238 1664 Ac
262 1602 400 1686 primum
424 1601 555 1686 quidem
579 1622 695 1686 ponam
720 1602 967 1670 denominativa.

187 1706 490 1770 Alcmaeonius
513 1704 573 1789 IV,
598 1708 627 1790 4,
645 1708 685 1770 41
713 1713 769 1771 aut
785 1707 1021 1773 Alcmaeoniae
1044 1710 1157 1775 furiae

9 1856 13 1861 -
82 1820 139 1877 aut
160 1815 282 1878 ieiunia
304 1812 441 1876 Phinei’.

188 1919 462 2006 Amphiareus
489 1920 561 2003 ΙΙΙ,
597 1921 656 2004 32,
689 1925 730 1985 39
754 1944 817 1986 non
840 1922 965 2007 prosint
988 1922 1048 1986 tibi
1074 1945 1157 2009 qua-

81 2027 190 2111 drigae
213 2027 281 2089 fata
302 2025 536 2112 Amphiareae’.
561 2068 604 2076 -
625 2034 810 2111 Ἀμφιαρεῖον
828 2029 950 2093 habent
966 2027 1157 2094 Graeci.—

30 2162 33 2169 ·
82 2135 233 2200 Ceterum
256 2132 297 2196 de
319 2155 429 2197 versus
454 2135 618 2219 scriptura
640 2134 705 2197 vid.
729 2132 872 2216 Lachm,
901 2134 1095 2220 Hertzberg.
1120 2142 1157 2201 et

80 2240 190 2305 Muell.
214 2245 319 2304 notas.

190 2345 452 2410 Athamanus
481 2346 527 2430 V,
553 2347 582 2430 6,
610 2347 648 2410 15
673 2351 725 2410 est
747 2346 874 2411 Phoebi
896 2346 1025 2431 fugiens
1047 2346 1157 2413 Atha-

83 2473 180 2516 mana
214 2453 255 2516 ad
284 2453 378 2516 litora
408 2455 539 2538 portus’.
565 2496 608 2504 —
636 2452 885 2518 Athamania
907 2454 1039 2538 Livius3
1059 2468 1155 2525 ’pr

82 2573 172 2638 μανία
193 2559 296 2624 Strab.

188 2664 394 2730 Autarius
423 2667 450 2749 I,
482 2670 512 2749 8,
535 2667 577 2733 25
602 2671 635 2731 et
657 2667 775 2730 dicam:
797 2666 874 2730 licet
896 2664 1046 2729 Autariis
1075 2686 1156 2730 con·

82 2773 166 2836 sidat
199 2772 233 2834 in
267 2773 331 2836 oris
361 2814 405 2821 —
429 2777 462 2836 ct
485 2773 561 2837 licet
583 2773 723 2858 Hylleis,
748 2773 807 2836 illa
829 2773 938 2836 futura
960 2771 1083 2835 meast’.
1107 2811 1155 2821 —

80 2879 134 2943 Ita
157 2900 327 2943 correxere
350 2879 437 2942 itali.
460 2877 491 2943 N
514 2877 714 2943 Atraciis.
748 2879 823 2943 Duo
846 2877 924 2942 libri
946 2876 1038 2963 (Vat.
1062 2876 1098 2939 H
1122 2881 1158 2941 et

81 2986 196 3069 Voss.)
218 2983 438 3052 Autraciis.
462 2985 537 3049 Vid.
560 2984 754 3068 Hertzberg.

188 3092 572 3177 Bellerophonteas
608 3091 666 3174 IV,
702 3093 731 3173 2,
756 3094 775 3154 2
800 3086 1063 3176 Bellerophontei
1087 3108 1157 3174 qua

81 3199 151 3262 fluit
167 3218 260 3260 umor
277 3197 375 3280 equi’.
406 3196 530 3261 Eadem
551 3217 629 3261 voce
646 3218 726 3260 usus
742 3202 791 3260 est
804 3195 975 3260 Claudian.
991 3194 1051 3261 IV.
1064 3215 1155 3259 cons.

81 3306 166 3370 Hon.
181 3306 244 3369 559
261 3303 548 3389 Bellerophonteas
564 3303 786 3387 indignaretur
808 3302 965 3368 habenas.

189 3413 400 3478 Ceraunus
434 3410 496 3495 III,
533 3415 563 3493 8,
594 3414 612 3473 3
644 3432 708 3474 non
738 3411 844 3494 potuit
866 3410 968 3473 vitam
993 3430 1074 3474 saxo
1097 3431 1157 3495 po·

84 3521 190 3585 unisse
214 3518 383 3584 Cerauno’.
434 3518 545 3602 Vulgo
562 3517 710 3582 dicebant
735 3516 967 3582 Ceraunius
984 3514 1158 3598 (Ceraunii

83 3632 227 3711 montes,
263 3625 424 3690 Ceraunia
458 3625 494 3689 cf.
524 3624 622 3691 Orell.
648 3631 680 3689 et
713 3625 854 3689 Liibker.
879 3624 920 3687 ad
949 3622 1030 3687 Hor.
1053 3643 1156 3689 carm.

81 3732 109 3816 Ι,
144 3735 175 3815 3,
206 3734 264 3817 20)
295 3754 431 3817 eamque
465 3733 601 3797 formam
635 3733 737 3797 habes
773 3732 861 3817 apud
885 3732 992 3814 ipsum
1016 3730 1158 3814 Proper-

83 3840 164 3903 tium
197 3839 229 3920 Ι,
261 3842 291 3921 8,
327 3841 365 3903 le
390 3845 427 3903 ut
450 3846 481 3903 te
504 3839 591 3902 felici
614 3845 688 3925 post
710 3839 795 3902 lecta
819 3836 982 3901 Ceraunia
1012 3855 1102 3899 remo
1128 3858 1158 3903 e.

82 3968 111 4031 q.
136 3968 160 4009 s.
183 3986 227 3996 —
251 3945 367 4009 Graeci
391 3953 543 4027 Κεραύνιος
561 3953 715 4026 (Κεραύνια
743 3947 793 4025 ὅρη
814 3942 919 4028 Apoll.
942 3940 1004 4005 Rh.
1022 3938 1157 4027 Cimb).

190 4051 418 4116 Daedalius
453 4050 522 4133 ΙΙΙ,
558 4050 588 4133 6,
624 4051 643 4111 8
671 4047 864 4112 Daedalium
887 4049 955 4111 lino
979 4067 1051 4111 cum
1074 4047 1160 4112 duce

82 4159 168 4223 rexit
183 4159 264 4225 iter’.
294 4157 529 4221 Daedaleus
551 4156 631 4220 Hor.
649 4177 675 4220 c.
691 4155 735 4238 ΙΙ,
752 4157 804 4238 20,
831 4155 870 4220 13
882 4154 931 4218 IV
947 4156 977 4236 2,
998 4155 1029 4217 2.
1052 4152 1160 4218 Dae·

75 4264 244 4329 delicus
278 4266 417 4331 Venant.
459 4265 509 4348 10,
548 4264 598 4347 11,
636 4264 674 4325 17
711 4262 750 4325 cf.
785 4260 999 4346 Zangemeist.
1034 4280 1066 4344 p.
1099 4258 1158 4325 25.

48 4364 247 4457 HOPtherg
266 4374 313 4438 ad
335 4375 382 4462 ΙΙ,
411 4374 464 4460 17,
492 4376 523 4442 5.
549 4414 595 4425 —
626 4370 750 4438 (isaael
773 4376 972 4432 Δαιδάλειος..
