2566 4762
552 196 771 260 ..44-

127 391 270 455 haben.
316 389 362 454 At
386 391 449 475 qui,
475 389 605 472 amabo,
633 390 702 454 fieri
726 395 840 476 potest,
862 395 898 454 ut
922 390 1034 454 eadem
1056 409 1136 453 voce
1160 346 1197 452 et

129 519 208 561 usus
239 499 280 561 sit
313 497 397 561 idem
433 497 570 581 scriptor
605 502 636 560 et
668 517 731 560 non
754 518 832 560 usus
856 497 920 560 sit?
966 496 1116 561 Profecto
1141 501 1201 560 aut

128 605 234 667 minus
259 603 393 687 diligens
417 608 488 666 erat
512 603 661 667 Tibullus
683 603 717 667 in
740 603 920 688 deligendis
945 601 1109 666 vocabulis
1142 606 1202 666 aut

129 712 209 775 alius
244 711 402 796 quispiam
437 711 665 795 panegyricum
700 711 837 795 scripsit.
885 709 1006 773 Similis
1048 708 1200 773 condicio

129 818 306 903 particulae
330 838 570 902 quanquam,
594 839 656 903 qua
678 839 842 902 nunquam
864 839 941 880 usus
965 822 1014 880 est
1036 816 1200 900 Tibullus,

129 947 205 990 usus
229 931 278 989 est
302 930 415 988 auctor
438 925 622 1010 panegyrici
650 926 684 987 1:
709 945 891 1011 quanquam
914 944 965 986 mc
989 922 1117 1005 cognita
1132 922 1202 986 vir-

128 1038 181 1096 tus
207 1069 248 1080 —
273 1037 388 1114 terret;
420 1034 476 1094 28:
499 1051 572 1094 nam
597 1052 780 1116 quanquam
803 1031 952 1114 antiquae
975 1028 1078 1112 gentis
1101 1049 1202 1113 supe·

128 1145 202 1203 rant
226 1139 286 1202 tibi
308 1139 431 1202 laudes.
477 1137 547 1202 Nec
570 1138 672 1221 magis
696 1137 887 1223 particulam
923 1136 1073 1220 quippe
1110 1134 1203 1220 apud

130 1246 298 1310 Tibullum
314 1246 484 1329 inveneris,
508 1247 637 1331 quaein
653 1246 847 1331 panegyrico
861 1246 978 1329 legitur
999 1245 1057 1306 157
1074 1243 1203 1328 quippe

128 1352 185 1415 ubi
208 1375 271 1417 non
293 1375 432 1438 unquam
456 1353 552 1416 Titan
576 1373 671 1437 super
695 1351 797 1435 egerit
820 1357 919 1416 ortus.
944 1350 994 1414 Ea
1012 1369 1093 1434 quae
1120 1355 1204 1413 sunt

130 1459 201 1541 uti,
236 1461 370 1523 veluti
405 1481 468 1523 non
491 1463 661 1522 occurrunt
684 1480 736 1542 ap.
761 1457 935 1539 Tibullum,
966 1460 1140 1520 occurrunt
1162 1455 1201 1518 in

130 1567 323 1651 panegyrico
349 1569 412 1630 104
435 1567 546 1629 dexter
569 1566 616 1628 uti
638 1566 763 1628 laevum
785 1570 892 1627 teneat
923 1564 1136 1647 dextrumque
1159 1563 1205 1626 si·

130 1671 247 1752 nister,
271 1673 310 1734 41
337 1673 423 1735 iusta
445 1671 514 1756 pari
538 1672 697 1756 premitur
720 1671 824 1734 veluti
847 1691 919 1733 eum
938 1669 1080 1755 pondere
1103 1667 1203 1732 libra.

33 1776 41 1797 ⁴
131 1776 281 1839 Tibullus
305 1797 430 1862 semper
465 1778 548 1841 dixit
583 1799 662 1859 seu,
699 1778 837 1862 scriptor
875 1776 1063 1862 panegyrici
1097 1775 1204 1839 etiam

130 1883 265 1946 sormam
288 1883 495 1969 dissyllabam
519 1885 597 1948 sive
626 1883 763 1965 admisit,
794 1904 856 1967 qua
878 1883 912 1945 in
935 1902 970 1945 re
994 1882 1147 1945 convenit
1171 1883 1205 1946 ei

132 2010 206 2052 cum
240 1989 415 2075 Lygdamo.
450 1991 489 2053 ef.
524 2012 596 2075 pan.
622 1992 674 2055 26.
699 1992 751 2053 80.
776 1993 828 2053 96.
853 1992 928 2053 209.
953 1988 1059 2074 Lygd.
1089 1990 1201 2072 1,26.

132 2095 217 2176 3,14.
235 2098 320 2178 4,11.
338 2096 420 2178 5,32.
445 2135 486 2143 —
509 2096 579 2160 lam
602 2097 697 2160 finem
719 2097 802 2160 facio
826 2095 1020 2181 congerendi
1035 2096 1206 2181 exempla3

131 2200 212 2263 illud
240 2206 348 2264 tamen
371 2202 497 2267 silentio
519 2204 694 2288 praeterire
717 2204 800 2287 nolo,
830 2203 929 2268 etiam
952 2202 1016 2266 alia
1039 2201 1205 2285 quaedam

132 2314 253 2391 extare,
287 2329 370 2393 quae
405 2310 553 2395 quamvis
587 2310 704 2395 pusilla
733 2311 797 2374 sint
825 2310 1039 2396 suspicionem
1066 2330 1203 2375 movere

131 2417 256 2499 possint
290 2437 352 2501 quo
387 2417 489 2480 refero
524 2417 606 2480 illud
629 2439 659 2480 v.
687 2419 749 2480 100
780 2423 848 2481 tum
883 2417 964 2480 tibi
987 2437 1064 2478 non
1086 2414 1204 2482 desit

131 2522 247 2586 faciem
270 2544 380 2608 comp
393 2543 520 2587 onere
536 2545 674 2608 pugnae,
699 2524 784 2609 quod
799 2523 903 2607 magis
919 2522 1086 2607 Propertio
1103 2543 1205 2607 qnam

133 2629 263 2693 Tibullo
287 2631 456 2693 convenire
480 2631 646 2714 existimo,
681 2652 739 2695 nec
762 2632 867 2695 minus
891 2629 1085 2693 locutionem
1108 2624 1204 2693 illa'm

133 2755 307 2819 sanequam
331 2736 488 2820 puerilem
510 2757 541 2800 v.
560 2738 623 2799 114
646 2758 692 2821 sq.
716 2738 788 2822 ipse
812 2742 920 2800 tamen
943 2736 1041 2798 velox
1056 2735 1202 2799 celerem

90 2902 96 2910 .
133 2862 228 2927 super
252 2843 347 2906 edere
371 2865 483 2928 eorpus
507 2885 551 2892 —
574 2845 692 2927 gaudet
715 2865 843 2930 equum.
889 2841 934 2907 At
955 2842 1046 2925 haec,
1074 2841 1204 2906 minuta

134 2948 266 3029 scilicet,
290 2947 437 3032 attigisse
460 2949 537 3012 satis
559 2948 663 3013 habeo
686 2971 746 3014 nec
770 2951 798 3014 si
821 2950 891 3034 quis
911 2949 1081 3013 dissentiat
1103 2969 1206 3032 aegre

133 3053 217 3137 fero;
240 3054 295 3117 illa
318 3054 466 3137 graviora
494 3060 526 3118 et
548 3076 629 3140 quae
650 3055 701 3118 vel
726 3056 793 3118 sola
815 3076 878 3118 non
903 3052 1028 3118 Tibulli
1052 3075 1122 3118 esse
1144 3074 1205 3138 pa·

135 3161 321 3245 negyricum
346 3182 517 3246 coarguere
540 3168 668 3247 queant,
694 3163 900 3246 quamobrem
925 3163 993 3225 iure
1016 3161 1129 3225 videor
1151 3181 1204 3225 se·
1239 3166 1243 3171 '

135 3287 244 3330 orsum
272 3268 417 3352 posuisse
453 3289 492 3332 ea
527 3289 610 3352 quae
644 3269 677 3332 in
707 3269 762 3332 illo
785 3269 988 3353 reperiuntur
1012 3267 1204 3352 singularia.

222 3373 272 3438 Ao
294 3376 434 3460 primum
458 3375 585 3461 quidem
601 3376 794 3439 enumerabo
810 3376 940 3439 nomina
956 3375 1096 3460 propria.
1121 3373 1205 3438 Sunt

135 3501 174 3544 ea
195 3479 292 3545 haec:

223 3586 399 3653 Artacie
435 3587 491 3653 60:
515 3588 651 3652 incultos
674 3587 754 3650 adiit
776 3589 1018 3673 Laestrygonas
1042 3585 1203 3672 Antipha-

135 3698 254 3779 tenque
278 3734 319 3742 —
344 3696 460 3759 nobilis
475 3695 605 3759 Artacie
628 3694 735 3779 gelida
758 3716 836 3778 quos
859 3695 978 3777 inrigat
1001 3692 1107 3757 unda'.
1139 3691 1202 3756 Od.

59 3819 63 3827 '
138 3801 188 3883 10,
226 3803 287 3865 108
309 3808 396 3885 ἡμὲν
415 3805 450 3883 ἂρ
469 3803 529 3883 (su,
542 3810 669 3882 θυγάτηρ
682 3807 790 3878 ἰφθίμη
804 3810 1010 3882 Λαιστρυγόνος
1020 3798 1202 3884 Ἀντιῷατάο)

136 3904 164 3960 e'f
182 3909 289 3980 κρήνην
307 3909 471 3980 κατεβήσετο
490 3908 686 3982 καλλιρέεθρον
706 3937 737 3945 -
754 3905 912 3980 Ἀρτακίην.

241 3997 410 4084 Magyni
438 4001 499 4062 146
523 4017 648 4084 quaque
670 3995 800 4060 Hebrus
825 3996 1007 4080 Tanaisque
1031 3993 1132 4057 Getas
1159 3994 1204 4058 ri·

137 4112 193 4190 gat
227 4111 324 4190 atque
358 4106 536 4191 Magynos’.
593 4105 645 4168 Ita
678 4104 760 4168 libri.
818 4103 881 4177 Qui
914 4103 1036 4165 fuerint
1069 4100 1206 4184 Magyni

135 4214 233 4297 plane
255 4214 435 4298 ignoratur;
457 4214 564 4296 itaque
587 4212 676 4276 fuere
699 4211 753 4294 qui
776 4210 897 4274 vellent
925 4209 1137 4293 Mosynos3
1170 4212 1206 4272 at

133 4319 263 4406 Mosyni
296 4340 361 4384 non
396 4319 437 4383 ad
461 4299 600 4383 Tanaim
632 4315 840 4400 habitabant,
861 4315 895 4379 id
918 4313 1005 4401 quod
1028 4314 1092 4378 iam
1115 4317 1206 4377 reete
