2566 4762
538 249 582 260 ...
627 211 759 274 43..

12 404 15 413 '
105 405 191 470 bulli
211 407 275 470 hoc
298 425 426 470 carmen
451 404 587 469 evicere.
633 403 782 488 Namque
805 426 947 490 eaquae
980 404 1086 471 adhue
1108 429 1181 493 pro-

105 514 178 578 lata
200 519 275 578 sunt
289 534 352 578 non
369 513 416 576 ita
433 533 503 576 esse
520 517 715 596 comparata,
738 517 774 574 ut
797 531 924 574 omnem
947 512 1069 597 possint
1099 535 1182 578 scru-

107 620 225 707 pulum
249 621 387 686 evellere
411 620 476 682 iam
499 619 575 682 inde
599 617 731 703 adparet
754 617 838 702 quod
860 617 915 682 W.
934 617 966 681 S.
992 618 1182 705 Teuffelius,

56 744 65 757 ·
107 728 251 792 acerimo
275 727 326 792 vir
349 726 478 810 iudicio,
513 747 583 790 cum
606 724 649 789 'in
678 725 875 811 praefatione
906 727 1181 812 interpretationis

107 835 316 920 germanicae
349 857 380 920 p.
409 836 445 897 ll
472 855 537 918 sqq.
573 832 631 918 (of.
669 831 759 895 Stud.
784 853 815 913 u.
840 832 1029 898 Charakter.
1059 854 1090 917 p.
1116 835 1180 897 352

107 940 195 1027 sqq.)
218 947 285 1004 tum
309 941 343 1005 in
365 941 424 1004 litt.
448 939 583 1003 Roman.
609 938 682 1001 hist.
706 959 736 1022 p.
761 938 836 1018 443,
862 939 881 1000 3
907 939 1084 1022 genuinum
1111 959 1180 1004 esse

106 1051 341 1135 panegyricum
365 1048 507 1133 graviter
536 1047 681 1111 affirmat.
727 1042 816 1109 Idem
840 1050 947 1110 tamen
973 1047 1103 1110 minime
1126 1046 1182 1110 du·

109 1155 192 1220 bitat
214 1156 344 1220 tertium
368 1155 546 1239 elegiarum
577 1153 696 1217 librum
719 1175 784 1218 non
807 1174 877 1218 esse
902 1153 1024 1217 Tibulli
1048 1174 1182 1240 eamque

106 1261 296 1348 opinionem
330 1263 440 1326 multis
476 1261 673 1340 argumentis
709 1261 829 1345 optime
854 1260 1041 1346 comprobat
1064 1262 1179 1348 (praef.

106 1368 167 1433 int.
187 1389 287 1454 germ.
311 1391 344 1454 p.
369 1370 470 1432 36-
487 1367 566 1452 44.).
592 1366 683 1440 Quae
715 1386 790 1430 oum
819 1366 865 1429 ita
888 1367 962 1450 sint,
997 1388 1062 1431 non
1086 1369 1181 1433 aliter

107 1476 180 1541 viro
216 1475 395 1540 clarissimo
424 1472 618 1560 persuadere
648 1492 746 1558 posse
769 1472 893 1555 videor,
915 1494 980 1537 non
1005 1495 1024 1536 a
1048 1474 1180 1539 Tibullo

14 1594 19 1609 '
107 1602 180 1648 esse
205 1583 360 1668 scriptum
389 1583 449 1645 hoo
481 1601 618 1664 carmen,
650 1601 748 1665 quam
771 1580 798 1643 si
821 1579 936 1644 iisdem
966 1579 1064 1664 plane
1087 1603 1180 1666 argu-

109 1689 236 1770 mentis,
266 1688 382 1775 quibus
412 1689 469 1752 ille
496 1708 574 1752 usus
609 1693 659 1752 est
688 1686 721 1750 in
751 1689 848 1750 tertio
871 1686 953 1751 libro
977 1688 1180 1774 confutando,

110 1800 185 1859 utor
209 1801 241 1860 et
262 1795 331 1880 ipse
354 1795 388 1859 in
404 1794 568 1858 Messalae
592 1794 788 1880 panegyrico
813 1793 977 1858 aTibullo
994 1795 1179 1860 abiudican-

111 1901 164 1966 do.
210 1902 323 1988 Neque
346 1923 422 1966 vero
446 1902 572 1986 integra
595 1921 647 1964 res
671 1906 736 1982 est3
764 1907 838 1964 sunt
860 1901 945 1964 enim
969 1903 1031 1965 iam
1055 1903 1180 1987 prolata

108 2008 277 2092 nonnulla,
313 2015 350 2072 ut
381 2008 499 2072 divisio
535 2028 643 2071 rerum
671 2006 818 2090 molesta,
847 2028 927 2092 quae
951 2008 1178 2074 declamationi

109 2115 215 2199 magis
251 2114 419 2180 conveniat
454 2135 549 2200 quam
583 2114 733 2196 carmini;
769 2114 922 2178 orationis
956 2115 1181 2202 inaequalitas,

107 2223 229 2310 qnippe
264 2242 346 2306 quae
380 2242 466 2285 nuno
497 2222 609 2285 inflata
644 2226 804 2305 assurgat,
829 2242 917 2285 nuno
941 2228 1050 2307 serpat
1072 2223 1179 2307 humi;

105 2330 273 2395 doctrinae
297 2328 457 2394 affectatio
473 2329 598 2414 inepta3
621 2327 759 2414 denique
782 2328 881 2391 animi
897 2328 1063 2393 humilitas
1080 2335 1180 2414 tanta,

103 2442 144 2500 ut
159 2437 323 2521 exemplar
339 2435 509 2500 adulatorii
533 2435 696 2499 dedecoris
721 2434 884 2498 interdum
908 2436 1010 2521 possit
1033 2436 1102 2501 iure
1125 2458 1178 2500 vo·

107 2544 188 2609 cari.
235 2543 325 2619 Quae
361 2564 432 2608 cum
466 2544 574 2607 omnia
609 2544 673 2607 iarn
697 2543 817 2606 frustra
841 2543 905 2606 sint
928 2540 1084 2625 adhibita,
1118 2542 1180 2607 duo

103 2651 223 2718 reliota
254 2671 324 2716 esse
356 2650 452 2714 video
476 2650 765 2732 argumentationis
800 2671 928 2733 genera,
960 2648 1073 2735 quibus
1108 2649 1179 2734 ipse

103 2756 249 2822 tribuere
261 2756 437 2842 plurimum
455 2757 553 2837 soleo,
571 2756 642 2820 dico
660 2757 973 2840 argumentationem
988 2776 1006 2818 e
1021 2777 1057 2819 re
1074 2777 1179 2840 gram·

102 2862 228 2927 matica
258 2869 290 2927 et
313 2883 331 2927 e
354 2884 390 2927 re
413 2863 546 2927 metrica
569 2863 714 2948 petitam,
750 2862 863 2955 quibus
886 2861 1001 2926 iisdem
1024 2863 1057 2926 in
1082 2862 1178 2927 tertio

101 2969 190 3035 libro
224 2969 404 3034 rectissime
428 2989 506 3032 usus
531 2974 579 3032 est
603 2967 781 3033 Teuffelius
810 2968 859 3054 (p.
883 2970 925 3032 43
951 2966 1025 3054 eq).
1072 2967 1116 3032 Et
1139 2989 1178 3033 ea

104 3073 237 3162 quidem
260 3076 399 3162 quaein
422 3076 571 3140 versibus
596 3077 770 3141 condendis
800 3077 898 3139 habet
927 3076 1054 3162 propria
1082 3097 1178 3160 pane·

104 3182 210 3269 gyrici
226 3183 446 3267 scriptoriam
462 3183 501 3247 L.
518 3183 697 3246 Muellerus
712 3203 786 3246 oum
810 3204 883 3248 curu
902 3183 1044 3247 enotavit
1060 3181 1177 3268 (praef.

104 3309 137 3375 p.
162 3290 204 3353 28
228 3290 302 3375 sq),
332 3289 365 3352 in
394 3310 429 3352 re
464 3290 672 3372 grammatica
707 3310 784 3354 vero
814 3290 846 3353 id
879 3290 986 3374 ipsum
1016 3288 1176 3354 adhibebo

105 3417 171 3482 quo
191 3397 364 3482 praecipue
387 3397 438 3461 usi
461 3397 591 3461 suntin
614 3397 695 3462 libro
719 3397 815 3461 tertio
839 3396 1064 3460 Lachmannus
1089 3417 1176 3460 eum·

104 3523 170 3589 que
200 3502 305 3567 secuti
327 3502 483 3566 Dissenus
518 3510 614 3590 atque
639 3503 827 3587 Teuffelius,
853 3503 976 3568 scilieet
999 3502 1173 3588 particula·

104 3626 176 3672 rum
211 3609 479 3674 observationem.
526 3611 633 3696 Atque
655 3612 689 3675 in
712 3611 773 3675 hac
796 3611 985 3697 quaestione
1020 3609 1101 3673 illud
1123 3609 1176 3674 vel

104 3715 246 3780 maxime
281 3716 502 3800 memorabile,
536 3738 629 3781 usum
663 3737 735 3781 esse
769 3716 957 3804 panegyrici
990 3715 1175 3801 scriptorem

105 3823 263 3907 particula
287 3844 384 3909 ergo
408 3845 440 3888 v.
460 3826 521 3887 175
544 3845 618 3909 ergo
644 3826 699 3888 ubi
721 3826 909 3911 praeclaros
926 3825 1024 3890 ierint
1038 3829 1093 3888 tua
1109 3825 1175 3889 fata

104 3928 294 4015 triumphos.
342 3929 518 3994 Teuffelius
543 3932 643 4017 prael.
668 3954 697 4018 p,
716 3932 775 3999 43:
798 3933 983 4019 prosaische
1006 3930 1175 3995 Partilceln

105 4035 168 4100 wie
191 4042 299 4099 antem
322 4035 570 4120 (andererseits),
605 4058 711 4120 ergo,
747 4039 866 4100 etenim
904 4036 1047 4101 finden
1084 4037 1175 4102 sich

104 4140 175 4206 bei
210 4140 356 4205 Tibull
389 4143 517 4225 nicht,
551 4144 639 4207 wohl
669 4142 746 4207 aber
769 4143 959 4207 wiederholt
984 4143 1028 4207 im
1055 4142 1174 4208 dritten

103 4245 216 4312 Buohe
238 4287 282 4297 -
306 4288 349 4297 -
366 4288 409 4298 -
432 4248 645 4334 Eigenheiteu
668 4250 801 4331 welche,
821 4250 856 4333 je
880 4249 1104 4314 unbewusster
1126 4250 1174 4314 eie

104 4353 367 4421 bervorzutreten
392 4357 528 4442 pflegen,
564 4379 627 4422 um
661 4380 703 4424 so
741 4359 851 4424 mehr
881 4357 1175 4429 Beweiskrait
