2566 4762
531 254 742 316 ...12-

105 445 235 531 Thynos
270 446 458 530 signatorics
493 446 673 530 sculpturae
697 447 898 532 Bithynicae.
946 449 1065 513 Postea
1096 469 1170 511 vero

104 551 295 616 sententiam
318 552 455 616 mutavit
471 553 655 637 censuitque
683 551 884 616 scribendum
909 574 977 618 esse
1002 555 1172 638 cirogra-

104 661 245 743 phosque
269 658 329 723 Th.
362 663 456 744 atque
480 659 590 723 anulos
614 679 720 723 ceram
744 660 965 745 imprimentes
989 661 1173 745 intellegen-

105 764 171 829 dos.
195 764 324 828 isaacus
348 763 486 850 denique
507 764 643 830 Vossius
668 767 1041 853 catagraphonque
1070 768 1173 854 Thy-

105 892 182 935 non
216 870 362 934 exhibuit
397 876 428 934 ct
466 873 616 957 exposuit
655 871 693 936 de
730 873 942 958 pugillaribus
976 875 1172 939 membranis

105 998 186 1062 quae
211 983 359 1064 quattuor
396 978 552 1043 coloribus
582 979 682 1043 tincta
704 979 850 1063 fuissent,
880 980 1037 1064 coccineo,
1072 983 1173 1065 luteo,

105 1085 211 1168 viridi,
235 1107 413 1172 purpurae,
436 1087 626 1174 Bithyniam
649 1094 756 1152 autem
785 1088 994 1152 conficiendis
1017 1088 1172 1154 eiusmodi

104 1191 317 1277 pugillaribus
355 1193 555 1278 aptissimam
589 1192 705 1275 fuisse,
740 1198 775 1257 nt
798 1215 879 1278 quae
903 1194 972 1257 1111
994 1199 1174 1279 praestaret

104 1298 256 1385 quidquid
279 1299 320 1363 ad
335 1320 445 1363 eorum
463 1302 729 1364 constructionem
747 1307 831 1365 esset
847 1302 1069 1383 necessarium,
1085 1301 1172 1365 idem

104 1405 287 1469 doctissime
311 1404 549 1473 demonstravit.
595 1406 719 1471 Verum
750 1413 782 1472 et
810 1408 906 1471 huius
938 1408 1117 1493 explicatio
1141 1418 1174 1473 et

104 1511 232 1575 illorum
249 1512 464 1596 coniecturae,
486 1519 522 1577 ut
544 1512 610 1577 alia
633 1514 789 1597 omittam,
820 1512 932 1578 eodem
957 1534 1068 1577 omnes
1091 1515 1172 1578 vitio

104 1617 268 1701 laborant,
303 1616 390 1701 quod
424 1619 561 1683 elatini
591 1621 745 1683 sermonis
768 1618 876 1683 indole
900 1639 1017 1682 nomen
1052 1621 1172 1703 gentile

106 1725 236 1809 Thynos
270 1724 370 1787 etiam
408 1722 557 1789 adiuncto
580 1725 740 1790 adiectivo
767 1727 801 1789 in
824 1726 883 1789 tali
904 1724 1075 1791 uerborum
1100 1748 1173 1791 con-

104 1830 279 1896 structione
313 1831 400 1895 nullo
434 1837 528 1917 pacto
565 1832 744 1918 significare
771 1839 874 1919 potest
896 1854 963 1897 rem
986 1833 1020 1897 in
1043 1833 1174 1921 Thynia

103 1939 155 2004 vel
189 1960 208 2002 1
231 1937 354 2024 Thynis
376 1938 510 2020 factam,
539 1959 720 2024 quanquam
743 1945 775 2004 et
798 1961 815 2003 e
837 1939 997 2003 veteribus
1021 1945 1053 2002 et
1076 1961 1093 2003 e
1118 1963 1173 2004 no-

104 2046 196 2111 vellis
219 2046 336 2130 linguis
366 2046 485 2109 similia
512 2045 670 2131 quaedam
694 2047 816 2111 corradi
839 2067 935 2131 posse
960 2068 1017 2130 ego
1042 2047 1173 2112 minime

57 2161 60 2167 '
103 2155 228 2239 ignoro.
252 2152 420 2237 Equidem,
442 2159 479 2216 ut
503 2153 608 2218 (1111111
632 2152 717 2239 quod
740 2154 851 2236 sentio,
875 2153 994 2216 nodum
1018 2155 1052 2216 in
1068 2154 1172 2239 scirpo

105 2260 301 2346 quaesivisse
324 2259 409 2323 viros
441 2258 641 2324 doctissimos
673 2260 819 2325 existimo
874 2259 980 2324 Locus
1003 2266 1049 2324 tot
1072 2260 1173 2324 medi-

105 2367 185 2431 cinis
209 2370 343 2430 rexatus
367 2366 555 2430 sanissimus
579 2373 637 2433 est.
666 2366 864 2431 Sententiam
887 2373 972 2430 11111
1003 2369 1068 2431 iam
1102 2390 1175 2453 per-

104 2473 213 2558 spexit
235 2472 382 2538 Achilles
407 2472 541 2556 Statius,
574 2474 629 2557 qui
659 2473 792 2558 Thynos
815 2473 849 2536 in
874 2471 1002 2536 sudario
1029 2491 1174 2542 esromae

106 2600 165 2643 acu
188 2579 292 2664 pictos
315 2578 411 2643 luisse
436 2580 481 2643 ait
505 2579 645 2665 citatque
668 2576 767 2663 Verg.
784 2578 890 2662 Seorg
913 2578 974 2642 ΙΙΙ.
1000 2580 1174 2663 (251111-

105 2707 204 2772 purea
235 2686 351 2749 intexti
377 2684 493 2749 tollant
514 2685 630 2748 aulaea
652 2683 813 2748 Britanni.
860 2683 962 2748 Posse
986 2689 1093 2749 antem
1117 2684 1174 2747 ad-

104 2793 256 2856 iectivum
285 2791 365 2855 illud
398 2791 611 2876 catagraphus
641 2790 674 2853 id
698 2789 783 2874 quod
807 2789 928 2854 Statius
951 2791 1052 2855 voluit
1075 2788 1174 2854 deno-

103 2905 182 2981 tare,
206 2919 278 2961 eum
301 2899 370 2962 eius
394 2898 482 2982 origo
507 2897 632 2981 doceat,
654 2901 721 2960 turn
737 2917 779 2960 ex
794 2897 946 2961 adiectivi
970 2898 1173 2981 graecizare-

104 3029 212 3093 γραφος
242 3025 301 3069 111
329 3003 439 3088 colligi
469 3008 591 3088 potest,
626 3003 712 3088 quod
741 3003 934 3068 adiectivnm
956 3004 1068 3068 itidem
1091 3005 1172 3069 duas

104 3113 202 3178 habet
223 3111 380 3194 notiones,
403 3110 538 3174 alteram
562 3128 644 3193 quae
667 3113 717 3174 est
739 3110 774 3173 in
796 3110 896 3175 Plinii
918 3112 987 3175 loco
1011 3133 1107 3196 supra
1131 3112 1175 3174 al·

104 3221 170 3284 lato
194 3224 226 3282 et
250 3239 268 3282 e
291 3215 414 3302 graecis
438 3214 648 3299 scriptoribus
672 3217 756 3302 apud
779 3218 1003 3304 Hipparchum
1020 3218 1061 3282 ad
1077 3218 1176 3281 Arati

105 3327 282 3391 Phaedoni.
307 3324 332 3388 Ῑ.
350 3326 380 3387 6.
395 3345 426 3408 p.
446 3323 522 3386 180:
546 3323 656 3383 ἅπαντα
674 3329 728 3406 γὰρ
748 3329 781 3384 τὰ
801 3327 889 3404 ἄστρα
909 3330 1075 3406 perspiciat
1102 3332 1174 3402 πρὸς

106 3439 158 3514 τὴν
177 3438 318 3516 ἡμετέραν
336 3443 459 3514 θεωρίαν
478 3437 524 3491 καὶ
542 3433 580 3490 ὥς
599 3430 636 3489 ἂν
655 3434 723 3510 πρὸς
743 3433 817 3509 ἡμᾶς
836 3435 1024 3510 ἐστραμμένα,
1045 3437 1071 3488 εἰ
1088 3437 1129 3506 μή
1149 3455 1174 3488 τι

105 3549 285 3621 κατάγραφον
297 3542 387 3601 αὐτῶν
406 3540 473 3607 ἐστι’,
491 3535 548 3598 ubi
565 3547 744 3620 κατάγραφον
764 3533 803 3600 de
815 3533 945 3619 obliqua
957 3532 1176 3598 delineatione

106 3642 330 3732 explicandum
363 3642 531 3707 verissime
567 3642 774 3707 Hermannus
818 3641 944 3705 monuit
982 3641 1107 3727 (opusc.
1131 3640 1173 3704 V.

105 3753 187 3838 214)
212 3756 322 3816 contra
345 3749 393 3814 Js.
417 3748 579 3832 Vossium,
603 3749 658 3834 qni
682 3749 724 3812 ad
748 3746 871 3813 Catulli
893 3748 997 3811 locum
1020 3749 1174 3832 interpre-

105 3864 192 3923 tatus
218 3863 266 3923 est
289 3856 450 3922 coloribus
473 3856 612 3942 pictum,
643 3856 786 3940 alteram,
811 3877 894 3941 quac
916 3855 1062 3940 proxime
1086 3873 1174 3918 acce-

106 3964 154 4028 dit
177 3963 219 4029 ad
242 3962 393 4028 adiectivi
420 3976 612 4049 κατάγραπτος
635 3984 737 4045 nsum,
762 3962 801 4025 de
825 3982 886 4046 qua
908 3961 994 4024 idem
1016 3960 1174 4023 Herman-

106 4091 167 4136 nus
192 4071 312 4156 optime
336 4071 512 4157 disputavit
534 4092 564 4155 p.
579 4070 644 4133 214
667 4090 725 4154 sq,
748 4071 837 4132 cuius
860 4069 932 4154 ipsa
953 4065 1052 4131 verba
1075 4087 1174 4150 appo-

107 4199 195 4241 nam:
212 4199 287 4242 nam
298 4197 371 4242 cum
382 4179 496 4263 ipsum,
508 4177 610 4261 inquit
616 4177 690 4259 hoc,
702 4176 894 4241 vccabulum
906 4174 964 4260 (se.
981 4185 1173 4258 κατάγραφος)

108 4289 177 4348 tum
188 4305 272 4370 quae
283 4285 323 4349 dc
339 4284 472 4351 Simone
484 4283 539 4346 illo
551 4303 646 4368 porro
661 4283 828 4369 praedicat
839 4282 974 4363 Plinius,
984 4281 1175 4364 designatio-

108 4411 182 4456 nem
207 4390 271 4457 diei
294 4389 466 4458 ostendunt
484 4410 550 4476 qua
564 4411 630 4455 non
645 4389 748 4454 solum
767 4394 929 4454 extremae
945 4387 1119 4473 figurarum
1139 4387 1176 4448 li-
