2566 4762
227 1191 334 1343 Quor
363 1232 511 1297 Acarna
535 1230 659 1296 cerrus
683 1231 738 1317 (aa
762 1233 830 1298 cat.
855 1233 908 1315 25,
931 1230 968 1317 a)
992 1229 1175 1296 observavit

104 1377 174 1421 esse
206 1358 292 1444 apud
324 1357 506 1443 Catullum,
530 1378 613 1444 quae
635 1378 718 1423 nova
742 1357 804 1422 dici
827 1363 956 1444 possent
979 1356 1065 1443 quod
1088 1354 1174 1442 apud

106 1484 186 1548 alios
210 1505 275 1548 non
296 1484 532 1570 reperirentur,
568 1483 602 1548 id
631 1503 786 1549 rerumne
810 1484 917 1548 sitan
950 1483 991 1546 ad
1014 1482 1174 1546 coniectu·

103 1632 172 1675 ram
203 1632 311 1694 suam,
342 1609 543 1695 ,amaricilla’
575 1610 732 1675 tuendam
762 1630 782 1673 a
811 1610 879 1674 viro
913 1608 1173 1694 ingeniosissimo

104 1741 223 1798 temere
247 1735 357 1798 fictum
372 1735 486 1820 perdiu
509 1755 573 1799 non
596 1736 703 1820 magis
726 1755 746 1798 a
767 1755 927 1820 quoquam
943 1734 1174 1819 investigatum

103 1868 152 1925 est
175 1884 272 1946 quarn
295 1868 427 1927 rectene
450 1884 484 1927 se
508 1863 626 1927 habeat
649 1861 735 1948 quod
758 1883 894 1946 magnus
917 1860 1083 1926 Bentleius
1115 1860 1174 1947 (ad

103 1989 179 2053 Hor,
206 2009 232 2052 c.
255 1987 321 2072 Ill,
345 1987 439 2074 bns)
463 1987 650 2070 contendit,
684 2007 754 2051 esse
786 1986 871 2072 apud
897 1986 1069 2051 Horatium
1091 2006 1175 2071 quae

102 2114 167 2177 iam
195 2119 268 2199 post
297 2119 346 2178 tot
375 2114 545 2200 scriptores
577 2112 762 2198 deperditos
795 2111 973 2197 singularia
1001 2116 1109 2175 essent
1140 2114 1175 2176 et
1220 2152 1225 2159 ·

103 2238 204 2303 semel
229 2239 372 2303 inventa.
410 2238 454 2303 lit
476 2238 618 2304 Bentleii
634 2237 764 2323 quidem
780 2236 1037 2302 observationem
1060 2241 1175 2300 nostra

103 2365 230 2430 demum
254 2370 360 2430 aetate
383 2366 418 2432 O.
435 2363 756 2449 Zangenaistarus1)
779 2362 940 2448 protraxit
962 2359 1173 2446 collectisque

102 2490 248 2554 omnibns
280 2491 436 2576 exemplis
464 2489 642 2554 clarissima
675 2490 710 2553 in
737 2488 810 2554 luce
849 2487 1042 2570 collocavit3
1075 2483 1229 2563 Statii„

101 2615 202 2679 verba
224 2636 357 2702 prorsus
381 2613 487 2680 obruit
509 2613 644 2698 oblivio,
667 2633 772 2699 neque
795 2633 905 2678 eorum
928 2632 1051 2677 memor
1073 2609 1174 2678 fuisse

102 2737 229 2802 videtur
262 2740 301 2803 L.
337 2737 516 2803 Muellerus
552 2738 609 2825 qui
649 2744 757 2802 tamen
798 2737 919 2823 primus
967 2733 1079 2821 (indic.
1125 2754 1173 2818 gr.

101 2861 136 2925 in
167 2861 237 2926 eat.
277 2883 376 2926 carm.
415 2884 446 2948 p.
483 2861 562 2947 129)
597 2860 769 2946 colligendi
807 2883 871 2926 non
910 2860 1013 2926 solum
1052 2857 1172 2926 Oatulli

102 3006 214 3049 varum
247 2986 344 3050 etiam
368 2985 490 3050 Tibulli
517 2986 743 3072 Propertiique
774 3006 871 3052 voces
906 2984 1087 3071 singulares
1118 3003 1173 3046 au·

104 3115 171 3173 ctor
211 3108 330 3174 extitit.
376 3110 455 3194 Ipsa
491 3109 554 3176 riri
585 3109 754 3174 clarissimi
791 3114 887 3195 atque
925 3109 960 3173 in
998 3110 1059 3174 hoc
1087 3109 1173 3174 litta-

101 3253 206 3297 rarum
244 3251 362 3316 genere
392 3231 488 3296 facile
524 3231 680 3318 principis
710 3231 810 3296 verba
847 3250 1016 3316 apponam.
1063 3212 1191 3306 Quan?

101 3362 169 3421 tum
193 3357 234 3421 ad
262 3357 505 3441 grammaticos,
528 3356 644 3442 inquit,
681 3355 858 3421 dolendum
886 3376 963 3420 sane
987 3355 1072 3440 quod
1096 3376 1174 3423 non·

101 3479 176 3543 dum
199 3479 305 3544 extitit
335 3480 392 3564 qui
416 3492 491 3557 ἅπαξ
509 3496 646 3571 εἰρημένα
680 3479 714 3543 in
749 3477 840 3543 libris
871 3480 1063 3565 scriptorum
1093 3499 1172 3566 quos

101 3603 169 3668 dixi
192 3601 305 3669 eadem
328 3606 474 3670 sollertia
489 3610 663 3690 enarraret,
680 3624 745 3691 qua
768 3604 802 3668 in
817 3603 950 3669 Horatii
974 3604 1171 3670 carminibus

101 3733 233 3792 enotata
257 3735 376 3794 sunta
406 3730 679 3815 Zangemeistero.
724 3728 765 3792 Id
796 3728 899 3813 igitur
929 3734 966 3792 ut
996 3728 1169 3813 aliquando

100 3853 229 3917 eveniat
262 3874 455 3940 magnopere
487 3855 625 3920 interest
663 3855 779 3918 harum
818 3852 1008 3916 litterarum.
1055 3852 1170 3937 Itaque

100 3978 187 4042 haud
210 3979 358 4044 inutilem
372 3981 476 4046 risum
499 3980 540 4044 iri
564 3999 658 4065 spero
681 3978 765 4042 hanc
782 3976 1105 4062 commentationem,
1135 3975 1169 4039 in

212 4194 233 4262 ¹)
251 4193 292 4246 De
312 4193 421 4247 Horatii
441 4195 536 4248 serbis
555 4192 748 4262 singularibus
767 4191 858 4242 Berol.
881 4191 956 4241 1862.
