2566 4762
531 166 739 234 ..42-

99 382 168 425 can.
189 363 216 443 l,
251 361 313 425 421
340 380 404 446 qua
426 359 521 425 litore
544 382 641 427 curvo
664 402 708 411 -
730 362 870 428 molliter
886 361 1065 428 admissum
1081 363 1167 428 clau·

100 464 148 531 dit
171 466 372 531 Tarbellicus
396 488 527 552 aequor,
550 474 583 532 et
607 469 730 533 Auson.
754 467 887 557 profess.
915 471 965 552 16,
990 471 1007 534 7
1032 468 1170 535 Tarbel-

99 572 164 637 lica
185 572 319 637 Maurae
342 613 386 622 -
409 574 521 637 matris
546 576 635 661 origo
658 576 735 659 1611;
759 576 851 662 epist.
869 577 922 660 24,
948 577 1011 641 125
1034 576 1173 642 Tarbel-

100 680 164 744 lica
187 680 252 744 iam
274 685 364 743 16661
386 701 478 764 6666,
492 682 617 750 Μο6611.
641 684 705 747 468
729 682 931 748 Tarbellicus
953 682 1014 747 ibit
1030 682 1170 750 Aturus.

208 804 359 870 Fortasse
381 808 550 871 memorari
572 814 681 894 potest
703 809 800 873 etiam
823 808 913 873 illud.

210 932 440 1017 Aquitanus
468 931 503 1014 Ι,
527 933 565 1016 7,
603 934 623 995 6
646 933 730 996 hunc
751 932 831 1015 fore,
854 929 1037 1018 Aquitanas
1060 936 1177 1017 posset

105 1037 664 1125 661166666666616661616666.
695 1039 765 1103 urb.
804 1040 864 1122 12,
896 1041 926 1123 6,
959 1039 1047 1103 16166
1073 1038 1176 1125 Aqui-

103 1151 195 1208 tanas
230 1148 342 1227 gentes
381 1152 413 1207 et
448 1164 565 1207 nomen
597 1144 741 1228 Iberum3
774 1144 985 1231 66666124,
1019 1145 1040 1210 Ἰ
1066 1145 1178 1231 stirpis

103 1252 289 1335 Aquitanae
326 1254 430 1314 mater
463 1250 533 1315 tibi.
556 1291 600 1300 -
629 1250 753 1317 Ceteris
786 1252 863 1317 locis
893 1250 948 1315 ubi
970 1252 1093 1337 legitur
1117 1252 1180 1319 hoo

103 1357 317 1439 vocabulum,
355 1357 591 1421 substantivum
615 1364 673 1422 est.
697 1397 740 1408 -
764 1357 1007 1444 Aquitanicus
1035 1360 1182 1424 occurrit

106 1462 191 1551 apud
214 1462 359 1529 Plinium
383 1463 610 1549 (Aquitanicus
634 1466 736 1550 sinus)
765 1472 797 1530 61
819 1466 1030 1530 Ammianum
1053 1465 1182 1550 (Gallia

107 1578 139 1636 61
161 1570 330 1657 provincis
354 1572 551 1657 Aquitanica
573 1573 721 1660 idemque
744 1593 797 1660 cp.
813 1571 916 1658 Plio.)
932 1577 964 1638 et
978 1572 1182 1659 aliquotiens

105 1698 158 1763 66.
182 1678 376 1742 Ausonium.

213 1802 275 1869 His
299 1802 548 1870 denominativis
571 1805 754 1871 addendum
777 1811 829 1871 est

214 1935 530 2015 quotuscunque
554 1931 598 2012 Π,
624 1933 654 2014 6,
678 1931 719 1996 54
743 1968 777 1979 -
809 1930 887 1994 66116
911 1928 1183 1994 anxiavivas-

106 2037 242 2100 moverit
264 2058 281 2101 6
305 2038 385 2103 rotis
408 2060 482 2124 pars
506 2044 731 2125 quotacunque
755 2034 852 2101 deos’.
890 2034 1041 2099 Eandem
1064 2056 1185 2103 rocem

107 2142 276 2207 ePutean.
302 2144 364 2208 div.
390 2146 461 2210 lect.
483 2149 648 2230 receperat
669 2142 827 2207 Heinsius
850 2138 1104 2225 Onussam,
1124 2142 1184 2207 60:

109 2253 142 2311 et
164 2250 308 2335 sequitur
330 2253 422 2336 regni
456 2274 530 2338 pars
565 2257 789 2336 quotacunque
823 2247 882 2330 661,
916 2246 972 2311 ubi
994 2246 1183 2313 Merkelius

110 2356 242 2442 scripsit
264 2380 348 2444 ,6666
371 2366 495 2445 quota
519 2379 714 2446 quemque
739 2356 811 2421 sui¹.
838 2354 926 2419 [dem
948 2351 1063 2417 medio.
1081 2351 1182 2417 form.

108 2482 137 2525 r.
163 2465 202 2527 31
233 2471 281 2529 661
311 2467 409 2531 etiam
441 2467 604 2552 placuisse
627 2465 689 2531 sibi
719 2464 896 2548 cuicunque
926 2459 1088 2544 voluptas,
1125 2458 1185 2525 ubi

109 2567 252 2635 Hensius
277 2574 378 2637 voluit
407 2580 735 2660 quotacunque
764 2571 924 2655 voluptas.
948 2567 998 2630 Ac
1022 2566 1186 2652 posterio-

109 2696 144 2738 re
187 2677 317 2761 quidem
355 2680 426 2745 loco
465 2687 552 2745 recte
583 2683 653 2746 sine
691 2678 789 2743 dubio
826 2674 1023 2757 Merkelius3
1068 2674 1186 2760 priore

110 2786 219 2845 utrum
242 2805 353 2850 verum
374 2788 418 2851 sit
443 2810 507 2853 non
529 2789 660 2876 penitus
681 2787 880 2871 introspecta
893 2802 930 2846 re
946 2780 1092 2845 dubitari
1107 2802 1187 2867 pos·

111 2888 161 2952 sit.
207 2890 339 2956 Etenim
362 2915 536 2980 sanequam
561 2901 637 2981 apta
659 2894 786 2959 ridetur
809 2888 970 2954 sententio
992 2886 1091 2952 haec:
1132 2893 1186 2952 661

111 3016 188 3061 6666
211 2999 373 3065 timendus
390 3002 445 3066 1116
462 3004 636 3084 Τ6616666,
663 3002 780 3088 quippe
804 2997 859 3084 qui
880 2995 981 3061 tantis
1003 2994 1187 3059 instructus

112 3105 225 3190 opibus
240 3107 303 3171 huo
315 3110 453 3193 renerit3
477 3115 511 3174 61
525 3114 644 3195 quanto
660 3108 797 3171 maiores
813 3102 898 3169 domi
914 3122 988 3166 eum
1011 3100 1187 3185 reliquisse

113 3214 266 3278 credibile
289 3216 360 3280 est?
383 3217 484 3303 Atqui
506 3223 665 3302 repugnat
687 3214 763 3279 huic
778 3207 1039 3295 interpretationi
1053 3213 1187 3294 tempus

112 3341 265 3404 praesens
288 3323 451 3409 ‘sequitur’
477 3322 560 3409 quod
582 3321 775 3387 sententiam
798 3316 958 3403 significat
981 3313 1187 3399 generalem.

114 3428 220 3502 Quare
236 3430 361 3512 melius,
384 3429 506 3515 opinor,
530 3430 673 3509 alteram,
698 3427 731 3491 id
754 3431 811 3509 est,
835 3419 986 3488 Merkelii
1008 3418 1189 3485 lectionem

113 3536 321 3622 probabimus
345 3557 382 3600 ac
406 3536 452 3600 sio
467 3535 760 3621 interpretabimur:
786 3529 902 3594 multas
919 3532 983 3592 huc
998 3525 1110 3590 attulit
1127 3526 1188 3593 ille

114 3665 206 3730 opes3
230 3650 263 3709 61
285 3647 386 3710 multo
411 3646 553 3710 maiores
577 3640 689 3729 procul
712 3639 808 3704 dubio
832 3635 961 3722 reliquit
984 3632 1082 3716 domi,
1106 3653 1190 3697 nam

114 3772 214 3836 parva
237 3774 310 3838 pars
335 3775 431 3840 opum
454 3754 596 3839 sequitur
619 3749 871 3836 peregrinantes.
910 3743 998 3828 Ergo
1020 3760 1190 3825 nusquam

115 3858 192 3924 alibi
207 3859 341 3944 reperiri
364 3857 444 3922 illud
467 3864 707 3944 quotuscunque
730 3854 886 3917 fateamur
909 3867 1044 3914 necesse
1067 3853 1128 3911 est.
1143 3885 1188 3896 —

204 4001 274 4065 Iam
307 4021 425 4088 ponam
460 4020 499 4064 66
532 4019 615 4086 quae
651 3995 829 4082 singularia
862 3992 960 4059 habet
993 3992 1191 4076 panegyrici

116 4110 262 4196 scriptor,
285 4129 368 4196 quae
393 4130 450 4173 cur
473 4129 617 4174 seorsum
631 4104 779 4191 ponenda
801 4101 984 4188 putaverim
998 4097 1081 4162 mihi
1103 4119 1190 4183 pau-

116 4217 163 4281 cis
188 4218 249 4282 6611
271 4214 506 4302 exponendum.
551 4214 659 4299 Atque
694 4211 784 4274 illius
808 4207 938 4295 quidem
960 4205 1009 4271 rei
1031 4225 1099 4268 non
1124 4208 1194 4273 erit

117 4326 229 4391 melior
252 4323 403 4409 defensio,
427 4342 523 4408 quam
546 4320 573 4387 si
596 4319 691 4384 certis
715 4314 915 4402 argumentis
938 4334 1003 4378 non
1033 4331 1107 4377 6666
1133 4313 1194 4383 Ti-
