2566 4762
452 899 520 1005 Ta
558 899 878 1013 bubalina.

529 1144 564 1194 1.
585 1143 785 1195 Graeca.

229 1316 353 1382 Graeca
375 1320 506 1382 nomina
530 1320 590 1383 duo
614 1318 711 1383 habet
736 1321 912 1404 singularia
936 1319 1095 1404 Tibullus,
1118 1343 1189 1407 pro·

108 1427 224 1515 prium
247 1433 425 1511 utrumque,
450 1447 532 1511 quae
555 1427 717 1491 levissime
740 1428 962 1513 perstringam.

104 1612 107 1617 .
186 1563 191 1569 ·
224 1533 461 1619 Herophilo
486 1543 646 1621 (ιιροφίλη)
662 1533 705 1617 ΙΙ,
722 1536 751 1618 5,
769 1536 810 1598 68
835 1532 993 1620 quidquid
1007 1533 1188 1618 Amalthea,

109 1638 271 1727 quidquid
293 1640 456 1725 Marpesia
489 1640 572 1705 dixit
594 1682 638 1692 —
662 1641 856 1726 Herophile,
892 1641 1000 1726 Pytho
1026 1641 1188 1725 Graiaque

111 1746 206 1835 quod
228 1747 368 1811 monuit’.
413 1747 464 1811 De
487 1747 665 1835 Herophilo
689 1748 727 1812 el.
752 1749 853 1833 intpp.
877 1752 909 1810 et
932 1768 1028 1833 quern
1052 1748 1099 1811 illi
1121 1748 1187 1811 lau-

112 1855 200 1920 dant
222 1855 319 1919 Paus.
347 1855 398 1939 10,
425 1856 464 1918 12
488 1856 593 1941 (827).
1121 1917 1126 1925 .

226 1961 269 2026 ib.
292 1963 426 2049 Phyto
451 1983 468 2026 e
492 1963 672 2026 oonieotura
705 1961 852 2047 Hauptii.
888 1962 1046 2026 Phoeto
1085 1960 1188 2024 Lach-

111 2089 263 2134 mannus.
303 2069 473 2134 Phoebo
497 2069 584 2135 libri.
617 2071 801 2136 Ceterorum
825 2070 1035 2154 interpretum
1059 2073 1188 2133 eonatus

114 2176 193 2242 vide
215 2198 265 2263 ap.
289 2177 418 2242 Dissen.

388 2357 396 2373 ‘
518 2375 576 2426 11.
604 2373 787 2426 Latina.

225 2495 269 2559 Et
303 2495 503 2560 substantiva
537 2497 666 2582 quidem
690 2495 870 2580 singularia
894 2516 957 2580 non
980 2495 1187 2579 reperiuntur

118 2603 207 2690 apud
229 2603 407 2688 Tibullum3
431 2603 592 2668 adieetiva
615 2604 700 2668 solus
722 2603 822 2666 habet
844 2601 1005 2683 nonnulla,
1023 2621 1104 2686 quae
1121 2601 1187 2664 iam

115 2710 321 2775 enumerabo.
347 2708 430 2774 Sunt
452 2716 561 2774 autern
583 2709 821 2775 denominativa
844 2710 940 2772 haee:

223 2816 456 2904 Marpesius
479 2817 524 2900 ΙΙ,
550 2818 579 2900 b,
603 2819 642 2880 67
669 2815 821 2902 quidquid
844 2815 1009 2901 Marpesia
1031 2814 1113 2879 dixit
1145 2856 1188 2867 -
1270 2862 1276 2873 .

115 2922 319 3010 Herophile’.
365 2925 417 2990 lta
451 2924 572 2990 habent
605 2923 681 2989 libri
715 2924 844 3011 plurimi
878 2924 976 2989 etiam
999 2922 1091 2987 Laut.
1116 2923 1186 2988 inst

119 3031 148 3112 1,
172 3030 191 3091 6
215 3030 284 3095 vieo
306 3031 481 3117 Marpesso,
505 3032 590 3096 oiroa
613 3030 769 3116 oppidum
792 3030 1003 3115 Gergithium,
1027 3051 1128 3115 eaque
1153 3031 1188 3094 in

114 3134 276 3201 aditiones
310 3137 377 3202 fere
411 3144 540 3223 recepta
575 3143 623 3201 est
657 3138 752 3201 leetio
777 3138 817 3202 ef.
842 3138 938 3200 etiam
960 3137 1098 3202 Pausan.
1123 3138 1142 3201 l.
1166 3138 1188 3200 l.

117 3244 221 3309 ἀπέχει
246 3242 276 3296 δὲ
291 3242 506 3319 Ἀλεξανδρείας
526 3247 574 3318 τῆς
603 3242 633 3296 ἓν
661 3246 695 3316 τῆ
718 3246 823 3318 Τρῳάδι
851 3246 1055 3319 τεσσαράκοντα
1074 3242 1091 3318 ἦ
1110 3246 1189 3318 Μάρ-

118 3362 235 3419 πησσος,
258 3335 315 3400 ubi
338 3336 413 3400 libri
436 3340 617 3400 constanter
632 3334 788 3421 praebent
812 3345 842 3402 a
860 3349 1044 3423 Μάρπησσον.
1068 3335 1189 3401 Salma-

115 3443 184 3509 sius
222 3442 367 3508 exeroitt.
400 3442 486 3506 Plin.
516 3463 549 3527 p.
573 3444 613 3505 78
648 3443 682 3506 in
717 3443 845 3508 Tibullo
883 3444 1024 3508 seribere
1058 3442 1190 3508 volebat

116 3550 364 3615 Mermessio
399 3550 589 3612 assentiente
624 3549 847 3614 Brouokhusio
882 3550 984 3636 quode
1013 3549 1186 3615 viauia.

115 3656 159 3722 ad
182 3659 212 3722 h.
238 3658 259 3720 l.

225 3765 447 3830 Tarbellus
481 3763 514 3847 Ι,
540 3766 568 3848 7,
592 3768 611 3828 9
637 3763 789 3828 Tarbella
814 3765 1007 3850 Pyrene-
1032 3764 1128 3828 testis
1152 3771 1185 3829 et

116 3872 243 3937 Ooeani
264 3873 361 3937 litora
385 3871 588 3936 Sanetonici’.
624 3870 750 3936 Eadem
773 3872 873 3937 forma
898 3892 973 3936 usus
997 3877 1046 3936 est
1060 3870 1187 3936 Auson.
1229 3908 1232 3913 <

118 3986 243 4067 parent.
274 3981 304 4064 Q,
337 3979 535 4064 2sanguine
558 3980 660 4043 mixto
683 4019 727 4028 -
751 3980 922 4043 Tarbellae
945 3981 1066 4064 matris,
1088 3981 1189 4065 patris

120 4091 155 4150 et
179 4084 319 4151 Aeduioi
342 4086 384 4151 ib.
408 4088 439 4170 4,
465 4088 504 4149 12
522 4085 731 4170 Tarbellique
754 4085 844 4149 furor
867 4085 1039 4173 perstrepit
1052 4084 1190 4167 Ooeani3

15 4272 19 4279 Ι
119 4192 255 4278 praelat.
280 4193 310 4275 2,
335 4195 354 4256 6
378 4192 538 4256 Tarbellis
560 4192 617 4257 sed
641 4191 784 4276 genitrix
808 4190 848 4255 ab
873 4191 974 4276 aquis.
991 4191 1056 4255 vid.
1071 4190 1188 4275 Soalig.

121 4296 208 4362 lectt.
231 4297 354 4365 huson.
380 4301 409 4382 1,
434 4301 453 4362 6
477 4320 509 4385 p.
534 4301 573 4362 21
599 4317 645 4382 sq.
669 4334 712 4346 -
737 4296 970 4363 Tarbellicus
993 4296 1103 4363 dixere
1124 4296 1191 4363 Lu·
