2566 4762
542 256 739 316 ...6.-

107 464 165 509 1116
210 465 306 528 quem
351 466 501 529 graecum
546 451 662 509 vocant
706 466 838 531 perraro
886 447 971 532 apud
1010 446 1173 512 Catullum

108 571 270 654 occurrit,
315 570 400 656 apud
438 570 606 634 Tibullum
656 576 690 634 et
724 571 927 656 Propertium
971 573 1172 658 saepissime.

107 696 231 762 Verum
268 701 300 759 et
337 696 419 760 haec
455 700 489 760 et
523 696 587 759 alia
620 716 702 780 quae
735 696 838 760 habeo
873 697 907 760 in
930 705 1080 783 promptu
1103 721 1173 763 cum

107 819 228 883 maiore
241 818 421 882 subtilitate
438 824 554 903 egeant
568 819 696 904 proprio
716 819 888 905 aliquando
912 823 1058 886 tractabo
1082 844 1174 908 opus-

108 943 191 1008 culo.
212 978 256 988 -
280 942 392 1027 Neque
406 963 482 1007 vero
500 944 570 1007 solo
592 943 748 1028 temporis
766 943 951 1009 discrimine
965 951 1057 1011 tanta
1080 948 1174 1012 inter-

107 1067 194 1133 cedit
239 1068 323 1132 inter
353 1066 475 1132 Catulli
511 1072 545 1131 et
579 1066 701 1131 Tibulli
735 1068 961 1154 Propertiique
996 1092 1174 1136 sermonem

107 1198 295 1265 differentia.
341 1197 441 1262 Aliud
476 1195 605 1261 dicendi
640 1216 742 1279 genus
777 1202 889 1281 aptum
913 1204 965 1261 est
995 1198 1111 1262 iambis
1142 1205 1174 1262 et

106 1321 411 1410 hendecasyllabis,
447 1320 535 1385 aliud
572 1321 694 1404 elegiis,
742 1319 849 1394 Quid?
895 1322 979 1407 quod
1012 1343 1053 1386 ne
1081 1323 1173 1408 ipsae

106 1446 235 1533 quidem
267 1445 389 1513 Catulli
423 1444 548 1529 elegiae
589 1444 734 1509 eiusdem
782 1450 856 1508 sunt
903 1447 1030 1530 generis
1074 1454 1171 1532 atqua

107 1570 228 1636 Tibulli
262 1575 295 1636 et
328 1569 500 1656 Propertii,
534 1573 572 1631 ut
607 1587 690 1653 quae
722 1568 964 1653 epigrammatis
986 1573 1174 1658 plerumque

108 1695 248 1782 speciem
271 1713 350 1779 prae
374 1714 408 1757 sc
431 1693 545 1774 ferant,
570 1711 685 1777 neque,
709 1691 917 1776 paucissimis
954 1695 1099 1779 exceptis
1130 1735 1172 1744 —

107 1817 179 1883 dico
203 1819 298 1884 665.
318 1818 368 1882 66.
386 1818 437 1880 68.
454 1822 486 1880 61
507 1816 666 1880 1616616111
689 1815 1015 1899 6611116116-,61166
1032 1819 1174 1884 habeant

106 1945 332 2027 argumentum
366 1960 463 2025 quam
485 1938 758 2025 hendecasyllabi,
783 1939 898 2024 quibus
921 1940 1072 2004 rivalium
1097 1943 1173 2007 alio·

106 2086 241 2151 rumque
278 2064 458 2150 aequalium
497 2064 575 2128 vitia
612 2065 799 2129 insectatur.
852 2065 934 2129 Inde
971 2067 1173 2151 potissimum

105 2188 244 2273 iactum,
280 2193 318 2252 ut
350 2210 414 2252 non
445 2208 548 2273 pauca
572 2208 644 2252 cum
667 2189 860 2253 comicorum
884 2208 1033 2255 sermone
1056 2192 1174 2257 habeat

106 2314 287 2379 communia
309 2312 475 2395 Catullus,
511 2334 528 2377 c
563 2311 679 2398 quibus
714 2313 776 2376 hoc
799 2333 900 2376 unum
923 2334 1173 2381 commemorare

106 2442 160 2502 sat
182 2437 253 2519 erit,
276 2436 371 2502 valde
395 2436 544 2501 adamare
562 2458 636 2501 eum
659 2437 863 2502 substantiva
878 2437 1022 2503 verbalia
1037 2440 1069 2504 in
1085 2481 1128 2490 --
1140 2443 1171 2506 16

105 2562 276 2644 exeuntia,
316 2559 432 2647 quibus
471 2560 588 2626 iisdem
627 2559 792 2625 abundant
821 2561 932 2626 Plauti
966 2561 1172 2648 Terentiique

105 2684 246 2749 fabulae.
293 2681 400 2768 Atque
424 2685 572 2769 exempla
596 2682 858 2748 Catullianat
801 2689 858 2748 not
859 2683 912 2747 avi
934 2684 1033 2753 haec:
1058 2687 1172 2772 adpro-

105 2811 192 2876 batio
215 2810 282 2895 (45,
306 2813 335 2874 9.
362 2808 419 2896 18)
442 2809 626 2874 aestimatio
649 2808 1011 2896 (12,12)26111111116116
1042 2812 1112 2897 (55,
1137 2813 1173 2896 6)

104 2935 268 3022 argutatio
303 2934 350 3020 (6,
379 2935 435 3020 11)
459 2933 596 2999 basiatio
620 2934 668 3020 (7,
696 2935 730 3020 1)
754 2934 908 3019 cogitatio
930 2933 1000 3020 (35,
1024 2936 1060 3021 5)
1084 2956 1172 3000 essu-

103 3059 271 3145 r110(18‚
299 3059 403 3141 123,
431 3058 774 3146 14)11111116(327)
804 3057 1172 3145 16616661616(6,11)

103 3184 280 3248 1616166116
315 3183 385 3270 (21,
423 3185 460 3270 8)
495 3184 614 3248 1666116
646 3184 716 3270 (61,
742 3183 821 3270 128)
845 3183 965 3248 16611116
996 3183 1065 3270 (61,
1092 3186 1171 3270 127)

104 3308 209 3372 616116
247 3309 316 3394 (44,
356 3311 413 3396 11)
450 3310 605 3375 osculatio
640 3309 710 3395 (48,
745 3309 781 3395 6)
817 3311 941 3375 vocatio
967 3311 1036 3394 (47,
1062 3312 1105 3397 7).
1131 3311 1171 3377 61.

103 3431 202 3496 6116111
226 3431 341 3498 Muret.
366 3433 408 3499 ad
443 3436 472 3518 7,
500 3435 527 3498 1.
574 3433 738 3519 Exempla
759 3434 913 3499 Plautina
935 3433 1075 3519 plurima
1099 3456 1172 3499 con-

104 3576 237 3640 gessere
270 3557 450 3621 Lorenzius
496 3557 536 3648 ad
568 3556 708 3622 Mostell.
734 3556 763 3624 6.
788 3558 839 3621 34.
865 3557 1099 3622 364.Β11111116
1132 3561 1173 3625 ad

104 3679 194 3747 Trin.
218 3680 294 3747 709.
326 3682 430 3747 Multo
453 3682 550 3748 etiam
571 3682 673 3768 magis
696 3687 831 3768 apparet
853 3681 934 3746 illud
957 3682 1173 3749 deminutivu-

104 3824 200 3868 orum
233 3825 302 3889 usu,
335 3826 468 3889 quorum
499 3807 637 3892 plurima
671 3804 818 3871 Catullus
841 3810 898 3870 aut
919 3806 989 3892 ipse
1011 3807 1104 3871 finxit
1126 3808 1173 3871 in-

102 3928 236 4012 geniose
270 3933 327 3992 aut
361 3930 402 3994 ab·
439 3931 510 3995 aliis
545 3930 620 3995 ficta
653 3929 809 3995 adhibuit.
850 3928 875 4014 1)
922 3928 1002 3994 Sunt
1036 3935 1069 3995 61
1097 3931 1172 4013 6116,

176 4147 202 4212 1)
222 4144 277 4198 Otr.
296 4146 340 4199 Fr.
355 4145 508 4199 Heussneri
521 4145 672 4199 6116611611.
686 4162 798 4215 gramm.
813 4147 843 4198 in
857 4145 1008 4213 Catullum,
1028 4147 1172 4218 Marburgi

103 4231 174 4286 (1611.
195 4235 262 4287 1869
290 4250 316 4302 p.
335 4236 369 4286 35
398 4250 457 4302 sqq.
477 4235 525 4288 ubi
552 4235 642 4287 omnio
670 4236 797 4303 exemplo
821 4235 1035 4305 diligentissime
1055 4238 1172 4291 collecta

104 4326 176 4377 sunt.
